2730 4198
473 184 568 246 136
874 179 1021 228 THE
1056 176 1435 228 DONATION
1470 174 1562 225 OF
1598 171 1928 224 CONSTAN
1930 171 2060 221 TIN
2063 171 2107 220 E

470 292 803 367 scriptorum
844 290 1012 345 debet
1050 288 1253 357 afferri,
1295 303 1398 341 nec
1437 284 1713 361 posterior
1756 281 2116 338 Constantini
2156 282 2519 358 temporibus,

468 382 544 437 At
569 381 616 436 is
639 381 824 435 nullus
849 379 1095 448 affertur,
1121 378 1219 433 sed
1246 377 1484 431 fortasse
1511 373 1713 450 aliquis
1739 389 1947 428 recens.
1977 372 2143 426 Unde
2167 371 2260 426 hic
2284 372 2516 428 habuit?

470 470 735 546 Quisquis
766 468 925 524 enim
968 469 1037 523 de
1080 466 1364 543 superiore
1404 472 1588 520 aetate
1631 461 1923 519 historiam
1966 461 2121 530 texit,
2166 468 2267 516 aut
2311 461 2520 538 Spiritu

469 561 672 616 Sancto
693 559 938 614 dictante
961 557 1223 632 loquitur,
1246 563 1344 610 aut
1366 562 1618 610 veterum
1641 552 1977 627 scriptorum
2001 558 2058 606 et
2079 567 2272 606 eorum
2293 551 2520 627 quidem

468 649 565 725 qui
601 650 669 704 de
705 666 807 704 sua
841 655 1024 703 aetate
1062 646 1404 721 scripserunt
1439 643 1689 718 sequitur
1727 640 2137 696 auctoritatem.
2176 641 2364 710 Quare
2398 641 2520 717 qui-

467 755 705 814 cumque
725 746 939 798 veteres
960 754 1072 791 non
1095 735 1361 810 sequitur,
1386 734 1432 789 is
1455 734 1523 788 de
1545 733 1765 787 illorum
1789 748 2020 785 numero
2043 730 2150 786 erit
2171 730 2376 806 quibus
2398 731 2520 808 ipsa

467 836 716 883 vetustas
740 827 973 902 praebet
996 825 1290 881 audaciam
1314 822 1635 878 mentiendi.
1665 822 1828 891 Quod
1856 820 1903 875 si
1928 837 2041 896 quo
2066 820 2124 874 in
2149 820 2276 876 loco.
2297 820 2408 876 ista
2431 839 2520 877 res

466 918 681 994 legitur,
708 935 819 972 non
845 917 1006 972 aliter
1029 933 1156 971 cum
1183 913 1520 989 antiquitate
1544 911 1823 967 consentit
1848 927 2019 987 quam
2046 910 2144 966 illa
2167 910 2514 987 glossatoris1

467 1007 717 1062 Accursii
767 1008 835 1062 de
882 1006 1077 1080 legatis
1128 1004 1397 1060 Romanis
1446 1003 1518 1058 ad
1567 1003 1714 1078 leges
1764 1000 2119 1076 accipiendas
2170 1000 2414 1057 dimissis
2460 1001 2519 1056 in

469 1096 760 1152 Graeciam
786 1096 1083 1171 plusquam
1112 1094 1286 1150 stulta
1311 1092 1558 1148 narratio
1587 1108 1716 1146 cum
1742 1091 1874 1146 Tito
1902 1090 2064 1146 Livio
2095 1090 2332 1166 aliisque
2358 1108 2519 1167 prae-

466 1186 821 1241 stantissimis
848 1184 1209 1259 scriptoribus
1235 1183 1512 1238 convenit.

538 1318 789 1371 “Datum
818 1317 1030 1370 Romae
1059 1315 1223 1370 tertio
1256 1314 1564 1368 Kalendas2
1596 1313 1821 1388 Aprilis,
1855 1313 2229 1369 Constantino
2259 1314 2514 1390 Augusto

465 1414 664 1481 quarto
692 1406 915 1460 consule
944 1413 1000 1460 et
1029 1405 1317 1459 Gallicano
1346 1412 1548 1479 quarto
1578 1404 1858 1464 consule.⁷'

538 1535 704 1589 Diem
729 1536 916 1611 posuit
940 1535 1311 1610 penultimum
1339 1534 1537 1589 Martii
1567 1542 1631 1589 ut
1658 1535 1990 1590 sentiremus
2018 1535 2126 1590 hoc
2155 1535 2371 1591 factum
2398 1554 2518 1592 esse

464 1625 567 1680 sub
596 1632 814 1700 tempus
842 1633 1161 1680 sanctorum
1190 1625 1421 1694 dierum,
1451 1625 1549 1701 qui
1577 1625 1671 1680 illo
1700 1625 2029 1700 plerumque
2058 1634 2310 1701 tempore
2338 1627 2519 1682 solent

463 1732 598 1769 esse.
629 1716 702 1769 Et
728 1715 1099 1770 Constantino
1125 1723 1389 1790 quartum
1415 1716 1658 1785 consule,
1688 1723 1745 1770 et
1775 1715 2065 1771 Gallicano
2095 1724 2362 1792 quartum
2388 1733 2518 1773 con-

463 1806 603 1859 sule!
648 1805 861 1859 Mirum
895 1805 940 1859 si
972 1813 1206 1880 uterque
1239 1813 1322 1860 ter
1360 1805 1544 1860 fuerat
1577 1806 1770 1861 consul
1804 1813 1860 1860 et
1895 1806 1952 1860 in
1985 1814 2188 1882 quarto
2222 1807 2517 1863 consulatu
2594 1866 2596 1868 ,

466 1894 649 1949 forent
688 1895 952 1969 collegae!
1005 1895 1111 1950 Sed
1150 1895 1468 1950 mirandum
1509 1896 1686 1971 magis
1728 1896 2046 1971 Augustum
2085 1897 2369 1972 leprosum
2410 1898 2517 1953 ele-

461 1984 708 2059 phantia,
740 1985 835 2060 qui
865 1985 1091 2040 morbus
1122 1985 1266 2040 inter
1298 1994 1510 2041 ceteros
1542 1994 1605 2041 ut
1636 1986 1861 2061 elephas
1892 1986 2036 2042 inter
2067 1987 2262 2043 beluas
2292 1987 2516 2058 eminet,

462 2074 602 2128 velle
634 2074 801 2128 etiam
833 2075 1082 2149 accipere
1114 2076 1482 2147 consulatum,
1518 2092 1646 2130 cum
1678 2094 1772 2131 rex
1803 2077 2035 2133 Azarias
2068 2077 2235 2133 simul
2265 2094 2332 2133 ac
2361 2078 2517 2154 lepra

460 2172 642 2219 tactus
663 2173 747 2220 est
767 2165 822 2219 in
842 2165 1062 2240 privato
1085 2183 1142 2221 se
1164 2166 1516 2235 continuerit,
1539 2167 1931 2242 procuratione
1955 2167 2110 2244 regni
2131 2168 2204 2224 ad
2228 2169 2511 2224 Ionatam³

459 2253 633 2307 filium
653 2255 911 2329 relegata,
934 2263 998 2310 ut
1019 2256 1135 2310 fere
1155 2274 1347 2311 omnes
1370 2257 1573 2332 leprosi
1599 2257 1874 2313 fecerunt!
1908 2258 2032 2327 Quo
2053 2276 2167 2314 uno
2188 2267 2517 2334 argumento

463 2350 642 2398 totum
678 2361 904 2419 prorsus
941 2345 1293 2421 privilegium
1331 2347 1675 2417 confutatur,
1714 2348 2063 2424 profligatur,
2104 2350 2390 2407 evertitur.
2433 2352 2517 2408 Ac

461 2450 530 2487 ne
553 2433 677 2508 quis
700 2434 947 2509 ambigat
970 2443 1100 2490 ante
1122 2436 1403 2512 leprosum
1426 2454 1545 2492 esse
1569 2438 1826 2493 debuisse
1850 2456 2023 2514 quam
2046 2441 2349 2511 consulem,
2374 2442 2516 2498 sciat

462 2530 518 2576 et
549 2540 614 2577 ex
645 2524 918 2579 medicina
950 2526 1222 2600 paulatim
1252 2526 1402 2581 hunc
1434 2528 1691 2582 morbum
1724 2545 2088 2601 succrescere,
2125 2539 2181 2586 et
2215 2549 2282 2586 ex
2314 2532 2516 2588 notitia

532 3242 549 3267 1
566 3240 811 3293 glosatoris;
839 3243 935 3285 MS.

531 3309 549 3335 2
566 3310 881 3362 Kalendarum3
914 3313 1136 3356 Bonneau.
1195 3315 1491 3359 Kalendarum
1520 3318 1806 3371 Apriliarum;
1840 3321 2055 3364 Zeumer's
2085 3326 2177 3365 text
2207 3323 2256 3365 of
2285 3323 2360 3366 the
2392 3323 2511 3366 Con-

458 3378 661 3420 stitutum
690 3380 978 3423 Constantini.

531 3449 550 3475 ⁸
566 3449 594 3500 J
597 3450 780 3501 oathan;
809 3452 1030 3494 Bonneau.
