2638 4198
304 197 370 258 84
707 192 853 242 THE
887 189 1265 242 DONATION
1300 188 1390 239 OF
1427 186 1934 238 CONSTANTINE

416 306 672 362 “Cuncta
703 303 960 379 equidem
993 301 1112 372 tibi,
1147 318 1258 371 rex,
1294 299 1505 355 fuerint
1535 313 1922 374 quaecumque
1956 296 2194 352 fatebor.

450 396 613 463 Vera,
642 392 839 469 inquit,
868 408 972 446 nec
996 408 1086 446 me
1111 389 1371 465 Argolica
1399 389 1468 444 de
1495 395 1660 464 gente
1688 386 1959 462 negab0.''

302 527 429 581 Hoc
448 525 706 601 primum,
730 523 929 579 deinde
952 522 1097 577 falsa
1117 514 1368 577 subiecit.
1392 521 1486 575 Ita
1503 518 1757 574 hocloco
1779 525 1968 573 noster
1992 517 2165 573 Sinon
2189 517 2344 588 facit,

301 615 398 691 qui
421 631 548 669 cum
571 631 607 668 a
628 630 760 668 vero
785 611 1131 687 incoepisset,
1159 609 1384 665 adiecit:

376 758 482 811 “In
513 774 577 812 eo
609 756 913 831 privilegiO,
947 755 1090 810 inter
1123 762 1324 824 cetera,
1357 753 1580 829 legitur:
1624 752 1795 807 ‘Utile
1828 751 2198 808 iudicavimus
2230 768 2346 807 una

302 863 429 902 cum
472 846 728 901 omnibus
773 845 1011 921 satrapis
1058 844 1261 899 nostris
1307 851 1365 899 et
1407 843 1666 898 universo
1714 848 1930 911 senatu,
1978 841 2345 918 optimatibus

301 936 485 1005 etiam,
530 943 586 990 et
625 951 753 989 cum
793 941 993 989 cuncto
1033 933 1240 1009 populo
1281 932 1512 1008 imperio
1556 934 1845 987 Romanae
1887 931 2155 988 ecclesiae
2195 931 2345 988 subi-

301 1025 482 1080 acenti
515 1032 579 1080 ut
613 1024 757 1079 sicut
790 1024 986 1079 beatus
1022 1025 1219 1078 Petrus
1255 1022 1312 1076 in
1347 1022 1509 1078 terris
1544 1021 1785 1077 vicarius
1821 1021 1934 1076 Dei
1967 1021 2190 1077 videtur
2224 1039 2346 1078 esse

300 1114 650 1182 constitutuS,
677 1113 846 1168 etiam
871 1120 927 1167 et
950 1112 1242 1188 pontifices
1268 1112 1442 1187 ipsius
1465 1111 1733 1187 principis
1759 1111 2142 1186 apostolorum
2165 1112 2346 1167 vicem

299 1203 640 1279 principatus
669 1209 1005 1277 potestatem
1034 1201 1274 1277 amplius
1302 1218 1474 1277 quam
1502 1209 1754 1256 terrenae
1785 1201 2088 1277 imperialis
2120 1209 2346 1258 nostrae

299 1292 609 1348 serenitatis
637 1292 1005 1347 mansuetudo
1036 1291 1244 1346 habere
1273 1291 1571 1361 videretur,
1605 1307 1928 1346 concessam
1958 1309 1993 1346 a
2023 1291 2186 1348 nobis
2218 1309 2345 1348 nos-

298 1390 493 1457 troque
524 1381 753 1456 imperio
784 1381 1108 1436 obtineant.'
1133 1382 1164 1407 ''

371 1525 421 1580 O
448 1525 712 1580 scelerate
738 1532 906 1600 atque
932 1525 1203 1581 malefice!
1243 1526 1458 1580 Eadem
1485 1543 1657 1601 quam
1683 1526 1849 1581 affers
1877 1526 1935 1580 in
1962 1526 2345 1582 testimonium

296 1614 467 1669 refert
495 1614 742 1683 historia,
774 1615 937 1689 longo
970 1623 1219 1690 tempore
1249 1615 1528 1670 neminem
1560 1616 1825 1671 senatorii
1856 1616 2067 1672 ordinis
2100 1617 2346 1673 voluisse

295 1704 544 1778 accipere
579 1704 898 1779 religionem
934 1704 1328 1774 Christianam,
1364 1712 1422 1760 et
1456 1706 1894 1761 Constantinum
1923 1724 2200 1782 pauperes
2236 1708 2343 1763 sol-

296 1793 535 1848 licitasse
562 1794 740 1868 pretio
773 1795 844 1848 ad
874 1794 1231 1869 baptismum.
1266 1796 1341 1850 Et
1371 1803 1432 1850 tu
1465 1795 1546 1851 ais
1577 1796 1726 1851 intra
1754 1796 1965 1871 primos
1997 1797 2190 1852 statim
2223 1797 2342 1853 dies

292 1891 561 1952 senatum,
599 1884 910 1958 optimateS‚
949 1887 1239 1959 satrapes,l
1277 1886 1439 1961 quasi
1475 1886 1588 1941 iam
1627 1887 1994 1957 ChristianoS‚
2034 1888 2102 1943 de
2138 1888 2337 1944 hones-

293 1973 465 2026 tanda
494 1973 724 2027 ecclesia
755 1975 1011 2028 Romana
1041 1991 1169 2029 cum
1199 1975 1439 2030 Caesare
1470 1977 1803 2032 decrevisse!
1846 1978 2016 2048 Quid!
2061 1979 2226 2048 Quod
2255 1978 2341 2034 vis

292 2062 607 2117 interfuisse
634 2067 916 2138 satrapes?
948 2065 997 2119 O
1026 2073 1232 2134 cauteS‚
1262 2066 1311 2120 O
1341 2066 1536 2141 stipes!
1577 2067 1667 2122 Sic
1695 2068 1999 2143 loquuntur
2030 2069 2339 2125 Caesares?

295 2151 383 2205 Sic
423 2152 637 2227 concipi
676 2154 855 2208 solent
896 2155 1120 2209 decreta
1161 2156 1450 2211 Romana?
1498 2157 1635 2227 Quis
1675 2175 1945 2234 umquam
1988 2168 2241 2236 satrapes
2283 2162 2363 2216 in'

293 2241 532 2296 consiliis
565 2243 944 2297 Romanorum
977 2245 1251 2300 nominari
1283 2246 1535 2302 audivit?
1563 2248 1698 2302 Non
1729 2256 1891 2304 teneo
1922 2251 2189 2306 memoria
2219 2269 2340 2306 um-

293 2348 460 2405 quam
496 2332 690 2406 legisse
726 2350 812 2387 me
846 2334 1037 2404 ullum,
1074 2352 1186 2389 non
1223 2337 1388 2390 modo
1427 2338 1761 2408 Romanum,
1798 2340 1896 2394 sed
1932 2358 2001 2395 ne
2036 2341 2094 2395 in
2134 2343 2339 2398 Roma-

292 2437 487 2474 norum
508 2421 730 2495 quidem
751 2423 1049 2497 provinciis
1074 2432 1354 2500 satrapem
1375 2427 1740 2483 nominatum.
1764 2429 1839 2484 At
1860 2430 1952 2484 hic
1975 2432 2339 2507 Imperatoris

353 3456 372 3483 1
388 3459 602 3508 satrapas;
632 3458 814 3510 Hutten,
837 3472 886 3502 so
909 3461 1191 3513 throughout.
