2730 4198
475 198 564 246 13²
876 178 1022 228 THE
1056 174 1436 227 DONATION
1471 172 1562 223 OF
1599 167 2107 221 CONSTANTINE

471 292 530 347 in
573 292 757 367 ipsum
798 294 1198 344 convertuntur
1242 292 1545 341 auctorem.
1628 281 1880 336 Primum
1923 279 2021 348 ait,
2067 278 2346 335 “aeternis
2391 295 2521 335 con-

472 379 920 437 demnationibus
965 375 1306 444 subiaceat‚''
1353 373 1570 441 deinde,
1618 370 1780 446 quasi
1823 370 1951 446 plus
1997 368 2131 424 addi
2176 376 2365 444 queat,
2410 369 2523 425 alia

472 471 676 526 addere
700 469 837 538 vult,
867 475 924 522 et
948 474 1078 543 post
1103 463 1493 521 aeternitatem
1515 476 1823 538 poenarum
1852 457 2108 533 adiungit
2133 475 2345 534 poenas
2371 458 2523 515 vitae

469 558 801 636 praesentis;
843 565 901 612 et
930 573 1058 611 cum
1089 554 1199 610 Dei
1231 551 1694 608 condemnatione
1728 566 1829 604 nos
1863 555 2089 617 terreat,
2124 547 2325 618 adhuc,
2359 548 2523 624 quasi

471 649 650 704 maius
677 647 943 723 quiddam
971 645 1060 714 sit,
1087 651 1260 699 terret
1283 659 1385 697 nos
1411 641 1539 697 odio
1569 637 1906 708 Petri,—cui
1934 637 2173 692 Paulum
2199 653 2298 693 cur
2326 637 2522 694 adiun-
2549 636 2554 639 ’

472 746 584 813 gat,
619 745 719 792 aut
752 753 850 791 cur
885 736 1081 803 solum,
1118 733 1321 788 nescio.
1357 733 1683 805 Iterumque
1718 728 1882 784 solito
1916 726 2169 802 lethargo
2205 728 2281 783 ad
2311 744 2524 803 poenas

472 835 725 882 aeternas
762 825 921 893 redit,
959 823 1131 879 veluti
1168 840 1280 878 non
1315 822 1423 876 hoc
1459 827 1592 875 ante
1626 818 1871 874 dixisset.
1911 817 2075 886 Quod
2112 816 2159 872 si
2196 816 2381 872 minae
2417 817 2525 873 haste²

470 916 981 990 exsecrationesque
1012 912 1367 969 Constantini
1396 912 1597 980 forent,
1627 908 1865 964 invicem
1894 923 2209 963 exsecraret
2236 915 2302 964 ut
2329 914 2520 984 tyran-

471 1024 605 1061 num
630 1014 686 1061 et
708 1005 1123 1081 profligatorem
1147 1001 1484 1077 reipublicae
1509 1017 1683 1068 meae,
1709 1006 1766 1054 et
1792 998 1871 1052 illi
1898 1015 1987 1053 me
2017 999 2274 1053 Romano
2303 997 2525 1073 ingenio

469 1097 710 1151 minarer
737 1096 990 1150 ultorem.
1017 1094 1076 1148 N
1077 1109 1186 1148 unc
1213 1091 1337 1168 quis
1365 1090 1711 1146 extimescat²
1741 1087 2178 1144 exsecrationem
2206 1088 2521 1145 avarissimi

469 1185 707 1240 hominis
737 1193 793 1239 et
823 1184 933 1239 ritu
961 1182 1296 1238 histrionum
1324 1181 1498 1236 verba
1527 1179 1843 1235 simulantis
1872 1195 1940 1234 ac
1970 1179 2076 1234 sub
2103 1195 2347 1254 persona
2378 1179 2525 1234 Con-

471 1274 702 1330 stantini
743 1273 880 1329 alios
923 1271 1285 1328 deterrentis?
1332 1272 1460 1325 Hoc
1503 1277 1589 1325 est
1629 1269 1855 1345 proprie
1896 1268 2253 1344 hypocritam
2295 1286 2434 1339 esse,
2477 1268 2526 1324 si

473 1365 743 1420 Graecam
768 1380 962 1418 vocem
988 1361 1344 1437 exquirimus,
1372 1360 1476 1416 sub
1504 1360 1688 1415 aliena
1710 1376 1954 1436 persona
1978 1358 2321 1415 abscondere
2349 1366 2524 1415 tuam.

546 1495 763 1549 “Huius
787 1511 918 1549 vero
941 1493 1241 1568 imperialis
1266 1492 1474 1547 decreti
1496 1491 1762 1567 paginam
1782 1490 2024 1567 propriis
2049 1490 2310 1546 manibus
2334 1491 2525 1546 robor-

469 1593 626 1640 antes
651 1602 816 1659 super
840 1584 1219 1638 venerandum
1244 1599 1446 1658 corpus
1471 1582 1623 1637 beati
1650 1581 1801 1637 Petri
1823 1581 2170 1657 posuimus.''

543 1716 825 1771 Chartane
856 1733 929 1770 an
961 1715 1287 1770 membrana
1321 1714 1430 1769 fuit
1459 1714 1667 1791 pagina
1698 1714 1755 1768 in
1789 1731 1903 1790 qua
1935 1713 2147 1789 scripta
2176 1713 2318 1769 haec
2350 1715 2519 1770 sunt?

469 1805 717 1860 Tametsi
741 1805 1005 1881 paginam
1029 1821 1294 1860 vocamus
1321 1805 1555 1860 alteram
1585 1804 1803 1874 faciem,
1833 1812 1899 1860 ut
1924 1804 2135 1874 dicunt,
2168 1804 2311 1874 folii;
2350 1804 2525 1860 veluti

466 1895 783 1971 quinternio
804 1895 976 1950 habet
1000 1895 1135 1950 folia
1160 1896 1320 1965 dena,
1344 1895 1579 1970 paginas
1600 1894 1843 1950 vicenas,

542 1985 591 2040 Ο
627 2002 743 2039 rem
776 1985 1086 2040 inauditam
1120 1992 1176 2040 et
1210 1984 1614 2040 incredibilem!
1661 1985 1806 2040 Cum
1842 2002 2021 2041 essem
2056 1986 2523 2056 adolescentuluS,

466 2075 834 2151 interrogasse
868 2093 956 2130 me
994 2076 1296 2151 quendam2
1334 2075 1578 2145 memini,
1618 2075 1743 2151 quis
1782 2075 1990 2131 librum
2027 2076 2133 2132 Iob
2172 2076 2508 2153 scripsisset;

468 2181 703 2240 cumque
733 2165 823 2220 ille
855 2166 1246 2240 respondisset,
1279 2166 1445 2242 “Ipse
1478 2166 1637 2236 Iob‚''
1670 2174 1806 2221 tunc
1835 2184 1924 2222 me
1958 2167 2328 2238 subiunxisse,
2362 2168 2524 2239 “Quo

467 2262 632 2329 pacto
669 2255 835 2330 igitur
873 2256 941 2310 de
980 2272 1083 2311 sua
1119 2255 1293 2331 ipsius
1329 2264 1508 2311 morte
1548 2256 1760 2311 faceret
1796 2257 2139 2312 mentionem
2152 2258 2213 2312 ?''
2251 2258 2417 2329 Quod
2454 2259 2524 2314 de

468 2344 656 2400 multis
680 2344 801 2400 aliis
825 2345 980 2400 libris
1005 2345 1115 2400 dici
1137 2353 1340 2422 potest,
1368 2363 1607 2421 quorum
1631 2334 1774 2402 ratio
1798 2347 1931 2402 huic
1955 2348 2078 2403 loco
2104 2365 2217 2403 non
2244 2348 2522 2405 convenit.

467 2435 619 2489 Nam
643 2436 920 2510 quomodo
947 2453 1076 2491 vere
1101 2436 1317 2490 narrari
1341 2443 1528 2511 potest
1553 2436 1610 2492 id
1635 2438 1786 2512 quod
1812 2438 2062 2493 nondum
2087 2446 2234 2494 esset
2259 2438 2524 2495 adminis-

470 2532 695 2593 tratum,
737 2533 791 2579 et
832 2525 889 2579 in
931 2526 1136 2581 tabulis
1178 2526 1450 2581 contineri
1492 2526 1549 2582 id
1591 2528 1743 2603 quod
1783 2536 1913 2603 post
1953 2528 2292 2599 tabularum,
2335 2537 2401 2585 ut
2444 2529 2525 2586 sic

538 3453 555 3479 1
572 3453 807 3503 existimat;
837 3455 1018 3496 Hutten.
1158 3458 1175 3483 2
1192 3458 1447 3509 quemdam
1472 3459 1570 3501 MS.
