2638 4198
343 211 404 271 78
743 205 889 254 THE
923 203 1302 255 DONATION
1336 203 1427 254 OF
1464 201 1970 252 CONSTANTINE

336 318 539 372 habeat
559 316 911 371 mentionem.
935 317 1010 370 Et
1029 315 1269 370 Iacobus
1290 313 1700 389 VoraginensiS,
1721 329 2032 387 propensus
2055 311 2113 366 in
2137 329 2384 367 amorem

337 407 660 462 clericorum
681 413 745 460 ut
768 405 1231 480 archiepiscopus,
1259 411 1447 459 tamen
1472 403 1532 457 in
1557 402 1742 458 Gestis
1768 408 2090 457 sanctorum
2116 401 2185 456 de
2212 401 2384 456 dona-

338 495 486 550 tione
530 494 900 563 Constantini,
940 502 1004 549 ut
1047 494 1304 548 fabulosa
1342 509 1446 548 nec
1486 492 1655 567 digna
1693 508 1840 566 quae
1878 490 2023 546 inter
2067 490 2243 546 Gesta
2282 491 2383 546 Sil-

337 585 506 640 vestri
560 591 875 659 poneretur,
930 583 1210 638 silentium
1265 582 1399 657 egit3
1466 582 1582 636 lata
1637 581 2050 656 quodammodo
2106 580 2384 636 sententia
2441 637 2445 641 ,

337 681 531 728 contra
557 691 667 742 eos,
695 673 741 727 si
768 673 864 747 qui
890 673 1028 727 haec
1056 672 1255 727 litteris
1283 671 1717 726 mandavissent.

378 806 380 808 .
413 764 518 817 Sed
552 762 732 837 ipsum
771 761 1058 816 falsarium
1094 777 1161 815 ac
1193 778 1322 815 vere
1359 760 1669 835 “paleam,''
1706 777 1818 815 non
1855 759 2120 829 triticum,
2158 761 2383 817 obtorto

338 852 479 906 collo
509 851 565 905 in
600 851 862 905 iudicium
894 851 1113 905 trahere
1143 851 1287 905 volo.
1324 850 1472 919 Quid
1504 849 1603 919 ais,
1639 849 1897 904 falsarie?
1935 851 2100 905 Unde
2133 851 2199 906 fit
2231 852 2383 926 quod

337 941 486 995 istud
524 940 873 1015 privilegium
913 940 1056 994 inter
1098 939 1347 994 Silvestri
1390 939 1563 994 Gesta
1602 956 1714 994 non
1755 939 2022 1014 legimus?
2069 940 2253 996 Credo
2291 941 2385 996 hic

336 1030 472 1083 liber
501 1047 656 1083 rarus
685 1037 784 1098 est,
815 1029 1050 1084 difficilis
1080 1029 1326 1098 inventu,
1356 1045 1460 1083 nec
1486 1029 1653 1103 vulgo
1680 1028 1936 1098 habetur,
1966 1030 2066 1084 sed
2093 1037 2384 1105 tamquam

341 1119 471 1174 fasti
506 1119 635 1173 olim
671 1137 705 1173 a
737 1119 1110 1192 pontificibuS,
1147 1126 1246 1173 aut
1280 1118 1407 1173 libri
1444 1118 1719 1193 Sibyllinil
1757 1137 1792 1173 a
1828 1119 2156 1175 decemviris
2195 1128 2379 1176 custo-

335 1208 505 1262 ditur!
557 1208 773 1282 Lingua
815 1208 1030 1262 Graeca
1071 1216 1170 1262 aut
1213 1208 1442 1283 Syriaca
1484 1216 1583 1263 aut
1626 1209 1935 1264 Chaldaica
1977 1209 2219 1285 scriptus
2263 1214 2372 1267 est!

334 1298 596 1351 Testatur
640 1297 892 1351 Gelasius
935 1315 970 1351 a
1012 1297 1200 1352 multis
1244 1297 1532 1352 catholicis
1575 1298 1704 1373 legi;
1760 1299 2158 1374 Voraginensis
2201 1300 2274 1356 de
2316 1318 2382 1356 eo

335 1386 605 1455 meminit3
640 1403 739 1440 nos
763 1403 983 1460 quoque
1009 1386 1158 1441 mille
1180 1394 1236 1441 et
1259 1387 1487 1462 antique
1511 1387 1719 1463 scripta
1742 1389 2081 1465 exemplaria
2103 1389 2370 1461 vidimus;

331 1482 387 1529 et
410 1475 465 1528 in
489 1475 637 1529 omni
665 1475 778 1530 fere
803 1476 1106 1530 cathedrali
1130 1476 1378 1546 ecclesia,
1404 1493 1530 1531 cum
1555 1478 1716 1533 adest
1740 1478 1991 1534 Silvestri
2014 1479 2219 1535 natalis
2244 1480 2380 1550 dies,

330 1564 669 1619 lectitantur:
701 1572 757 1618 et
779 1572 964 1619 tamen
987 1583 1149 1620 nemo
1174 1584 1232 1621 se
1255 1566 1368 1620 illic
1388 1567 1584 1641 legisse
1608 1567 1759 1623 istud
1781 1568 1863 1624 ait
1883 1570 2034 1644 quod
2057 1577 2120 1624 tu
2144 1570 2379 1646 affingis,

330 1671 489 1707 nemo
515 1654 750 1723 audisse,
777 1672 938 1709 nemo
963 1655 1283 1710 somniasse.
1310 1656 1399 1710 An
1425 1656 1536 1711 alia
1559 1658 1836 1732 quaedam
1865 1658 2120 1715 fortassis
2144 1660 2380 1716 historia
2474 1662 2484 1673 “

329 1744 448 1798 est?
475 1744 548 1798 Et
572 1761 845 1818 quaenam
871 1744 978 1799 ista
1003 1745 1139 1799 erit?
1170 1747 1288 1820 Ego
1316 1746 1485 1801 aliam
1508 1747 1712 1817 nesci0,
1739 1765 1843 1803 nec
1868 1749 1969 1804 abs
1995 1757 2050 1804 te
2075 1750 2246 1805 aliam
2269 1750 2379 1806 dici

329 1831 674 1907 interpretor,
706 1833 911 1908 quippe
941 1835 1009 1889 de
1039 1853 1106 1889 ea
1136 1843 1198 1890 tu
1228 1836 1470 1911 loqueris
1500 1854 1672 1912 quam
1702 1838 1958 1894 Gelasius
1990 1840 2141 1915 apud
2171 1841 2378 1896 multas

328 1922 584 1977 ecclesias
618 1923 854 1977 lectitari
888 1924 1075 1979 refert.
1113 1926 1182 1979 In
1212 1925 1319 1980 hac
1352 1934 1540 1981 autem
1575 1934 1736 1982 tuum
1764 1928 2119 2004 privilegium
2150 1948 2264 1985 non
2295 1931 2378 1984 in-

330 2011 597 2066 venimus.
633 2013 795 2082 Quod
829 2013 875 2067 si
909 2013 1060 2069 istud
1093 2014 1150 2068 in
1182 2015 1314 2070 Vita
1348 2016 1597 2072 Silvestri
1630 2035 1743 2072 non
1778 2018 1995 2094 legitur,
2030 2019 2167 2095 quid
2202 2028 2265 2076 tu
2296 2020 2379 2076 ita

326 2101 430 2174 legi
452 2102 761 2156 tradidisti?
789 2103 935 2172 Quid
958 2104 1014 2157 in
1038 2111 1198 2160 tanta
1218 2123 1276 2160 re
1298 2106 1468 2161 iocari
1491 2124 1659 2163 ausus
1682 2126 1758 2178 eS,
1781 2117 1838 2164 et
1858 2109 2065 2164 levium
2086 2110 2377 2166 hominum

325 2190 685 2264 cupiditatem
713 2192 965 2247 eludere?

402 2280 507 2334 Sed
541 2281 742 2335 stultus
778 2299 902 2336 sum
935 2283 1031 2358 qui
1067 2283 1213 2339 illius
1246 2285 1434 2360 potius
1470 2286 1710 2342 insector
1746 2289 2060 2361 audacium,
2098 2309 2271 2367 quam
2305 2293 2376 2348 is-

326 2375 508 2423 torum
547 2371 883 2426 dementiam
918 2373 1015 2447 qui
1054 2374 1424 2430 crediderunt.
1466 2376 1522 2431 Si
1561 2377 1686 2452 quis
1727 2380 1879 2453 apud
1920 2380 2182 2451 Graecos,
2223 2384 2375 2459 apud

326 2458 629 2528 Hebraeos,
671 2462 820 2535 apud
862 2462 1131 2518 barbaros
1174 2464 1383 2520 diceret
1420 2465 1529 2521 hoc
1568 2485 1690 2523 esse
1729 2470 2029 2526 memoriae
2069 2473 2374 2547 proditum,

325 2564 506 2602 nonne
533 2548 794 2605 iuberetis
819 2551 1093 2607 nominari
1119 2561 1419 2625 auctorem,
1445 2556 1685 2631 proferri
1713 2559 1977 2629 codicem,
2006 2569 2063 2616 et
2090 2562 2275 2617 locum
2302 2563 2375 2620 ab

326 2635 623 2711 interprete
673 2639 821 2694 fideli
870 2642 1068 2716 exponi
1116 2651 1419 2719 antequam
1465 2647 1796 2703 crederetis?
1846 2651 2018 2705 Nunc
2066 2652 2136 2707 de
2183 2653 2374 2729 lingua

392 3467 410 3494 1
428 3466 644 3520 Sybillini;
669 3470 765 3512 MS.
