<?xml version="1.0" encoding="UTF-8"?>
<!DOCTYPE html PUBLIC "-//W3C//DTD XHTML 1.0 Transitional//EN"
    "http://www.w3.org/TR/xhtml1/DTD/xhtml1-transitional.dtd">
<html xmlns="http://www.w3.org/1999/xhtml" xml:lang="en" lang="en">
 <head>
  <title>
</title>
<meta http-equiv="Content-Type" content="text/html;charset=utf-8" />
  <meta name='ocr-system' content='tesseract 3.04.00' />
  <meta name='ocr-capabilities' content='ocr_page ocr_carea ocr_par ocr_line ocrx_word'/>
</head>
<body>
  <div class='ocr_page' id='page_1' title='image "./treatiseoflorenz00valluoft_0106.png"; bbox 0 0 2638 4198; ppageno 0'>
   <div class='ocr_carea' id='block_1_1' title="bbox 355 216 1988 297">
    <p class='ocr_par' dir='ltr' id='par_1_1' title="bbox 355 216 1988 297">
     <span class='ocr_line' id='line_1_1' title="bbox 355 216 1988 297; baseline -0.01 -16"><span class='ocrx_word' id='word_1_1' title='bbox 355 249 421 297; x_wconf 90' lang='lat'>94</span> <span class='ocrx_word' id='word_1_2' title='bbox 759 227 905 276; x_wconf 92' lang='lat' dir='ltr'>THE</span> <span class='ocrx_word' id='word_1_3' title='bbox 940 222 1318 275; x_wconf 93' lang='lat' dir='ltr'><strong>DONATION</strong></span> <span class='ocrx_word' id='word_1_4' title='bbox 1354 221 1444 271; x_wconf 94' lang='lat' dir='ltr'>OF</span> <span class='ocrx_word' id='word_1_5' title='bbox 1482 216 1988 269; x_wconf 88' lang='lat' dir='ltr'>CONSTANTINE</span> 
     </span>
    </p>
   </div>
   <div class='ocr_carea' id='block_1_2' title="bbox 357 325 2403 590">
    <p class='ocr_par' dir='ltr' id='par_1_2' title="bbox 357 325 2403 590">
     <span class='ocr_line' id='line_1_2' title="bbox 357 325 2403 405; baseline -0.008 -7"><span class='ocrx_word' id='word_1_6' title='bbox 357 361 390 398; x_wconf 91' lang='lat' dir='ltr'>a</span> <span class='ocrx_word' id='word_1_7' title='bbox 424 339 792 397; x_wconf 87' lang='lat' dir='ltr'>Constantino</span> <span class='ocrx_word' id='word_1_8' title='bbox 823 337 916 392; x_wconf 87' lang='lat' dir='ltr'>vix</span> <span class='ocrx_word' id='word_1_9' title='bbox 947 337 1082 391; x_wconf 94' lang='lat' dir='ltr'>dum</span> <span class='ocrx_word' id='word_1_10' title='bbox 1114 333 1433 390; x_wconf 91' lang='lat' dir='ltr'>Christiano</span> <span class='ocrx_word' id='word_1_11' title='bbox 1466 338 1756 405; x_wconf 83' lang='lat' dir='ltr'><strong>tamquam</strong></span> <span class='ocrx_word' id='word_1_12' title='bbox 1786 346 1822 382; x_wconf 91' lang='lat' dir='ltr'>a</span> <span class='ocrx_word' id='word_1_13' title='bbox 1854 327 2118 383; x_wconf 87' lang='lat' dir='ltr'>Christo?</span> <span class='ocrx_word' id='word_1_14' title='bbox 2150 326 2279 381; x_wconf 91' lang='lat' dir='ltr'>Hoc</span> <span class='ocrx_word' id='word_1_15' title='bbox 2311 325 2403 381; x_wconf 92' lang='lat' dir='ltr'>ille</span> 
     </span>
     <span class='ocr_line' id='line_1_3' title="bbox 357 415 2403 502; baseline -0.008 -15"><span class='ocrx_word' id='word_1_16' title='bbox 357 429 794 487; x_wconf 87' lang='lat' dir='ltr'>modestissimus</span> <span class='ocrx_word' id='word_1_17' title='bbox 822 426 1080 502; x_wconf 90' lang='lat' dir='ltr'>princeps</span> <span class='ocrx_word' id='word_1_18' title='bbox 1112 423 1311 491; x_wconf 88' lang='lat' dir='ltr'>dicere,</span> <span class='ocrx_word' id='word_1_19' title='bbox 1344 422 1453 476; x_wconf 90' lang='lat' dir='ltr'>hoc</span> <span class='ocrx_word' id='word_1_20' title='bbox 1480 419 1764 496; x_wconf 92' lang='lat' dir='ltr'>piissimus</span> <span class='ocrx_word' id='word_1_21' title='bbox 1794 416 2051 493; x_wconf 82' lang='lat' dir='ltr'>pontifex</span> <span class='ocrx_word' id='word_1_22' title='bbox 2082 415 2278 470; x_wconf 90' lang='lat' dir='ltr'>audire</span> <span class='ocrx_word' id='word_1_23' title='bbox 2307 433 2403 470; x_wconf 93' lang='lat' dir='ltr'>vo-</span> 
     </span>
     <span class='ocr_line' id='line_1_4' title="bbox 357 506 1934 590; baseline -0.01 -15"><span class='ocrx_word' id='word_1_24' title='bbox 357 521 581 576; x_wconf 86' lang='lat' dir='ltr'>luisset?</span> <span class='ocrx_word' id='word_1_25' title='bbox 611 517 775 573; x_wconf 94' lang='lat' dir='ltr'>Absit</span> <span class='ocrx_word' id='word_1_26' title='bbox 801 524 917 571; x_wconf 88' lang='lat' dir='ltr'>tam</span> <span class='ocrx_word' id='word_1_27' title='bbox 944 531 1112 590; x_wconf 87' lang='lat' dir='ltr'>grave</span> <span class='ocrx_word' id='word_1_28' title='bbox 1138 513 1210 568; x_wconf 92' lang='lat' dir='ltr'>ab</span> <span class='ocrx_word' id='word_1_29' title='bbox 1237 511 1474 586; x_wconf 86' lang='lat' dir='ltr'>utroque</span> <span class='ocrx_word' id='word_1_30' title='bbox 1502 509 1724 564; x_wconf 93' lang='lat' dir='ltr'>illorum</span> <span class='ocrx_word' id='word_1_31' title='bbox 1749 506 1934 561; x_wconf 83' lang='lat' dir='ltr'>nefas!</span> 
     </span>
    </p>
   </div>
   <div class='ocr_carea' id='block_1_3' title="bbox 432 594 2452 682">
    <p class='ocr_par' dir='ltr' id='par_1_3' title="bbox 432 594 2452 682">
     <span class='ocr_line' id='line_1_5' title="bbox 432 594 2452 682; baseline -0.009 -19"><span class='ocrx_word' id='word_1_32' title='bbox 432 609 596 680; x_wconf 87' lang='lat' dir='ltr'>Quid,</span> <span class='ocrx_word' id='word_1_33' title='bbox 625 607 775 682; x_wconf 94' lang='lat' dir='ltr'>quod</span> <span class='ocrx_word' id='word_1_34' title='bbox 804 605 979 659; x_wconf 91' lang='lat' dir='ltr'>multo</span> <span class='ocrx_word' id='word_1_35' title='bbox 1008 610 1094 658; x_wconf 90' lang='lat' dir='ltr'>est</span> <span class='ocrx_word' id='word_1_36' title='bbox 1121 600 1433 670; x_wconf 84' lang='lat' dir='ltr'>absurdius,</span> <span class='ocrx_word' id='word_1_37' title='bbox 1465 598 1693 674; x_wconf 25' lang='lat' dir='ltr'>capitnel</span> <span class='ocrx_word' id='word_1_38' title='bbox 1717 613 1903 653; x_wconf 91' lang='lat' dir='ltr'>rerum</span> <span class='ocrx_word' id='word_1_39' title='bbox 1932 602 2152 664; x_wconf 91' lang='lat' dir='ltr'>natura,</span> <span class='ocrx_word' id='word_1_40' title='bbox 2183 601 2249 649; x_wconf 93' lang='lat' dir='ltr'>ut</span> <span class='ocrx_word' id='word_1_41' title='bbox 2277 594 2403 670; x_wconf 91' lang='lat' dir='ltr'>quis</span> <span class='ocrx_word' id='word_1_42' title='bbox 2448 642 2452 645; x_wconf 80' lang='grc'>.</span> 
     </span>
    </p>
   </div>
   <div class='ocr_carea' id='block_1_4' title="bbox 356 683 2405 1304">
    <p class='ocr_par' dir='ltr' id='par_1_4' title="bbox 356 683 2405 1304">
     <span class='ocr_line' id='line_1_6' title="bbox 356 683 2405 769; baseline -0.008 -16"><span class='ocrx_word' id='word_1_43' title='bbox 356 700 425 754; x_wconf 96' lang='lat' dir='ltr'>de</span> <span class='ocrx_word' id='word_1_44' title='bbox 490 694 973 769; x_wconf 86' lang='lat' dir='ltr'>Constantinopoli</span> <span class='ocrx_word' id='word_1_45' title='bbox 1035 693 1353 767; x_wconf 91' lang='lat' dir='ltr'>loqueretur</span> <span class='ocrx_word' id='word_1_46' title='bbox 1416 697 1704 763; x_wconf 86' lang='lat' dir='ltr'>tamquam</span> <span class='ocrx_word' id='word_1_47' title='bbox 1767 703 1883 740; x_wconf 92' lang='lat' dir='ltr'>una</span> <span class='ocrx_word' id='word_1_48' title='bbox 1943 683 2405 760; x_wconf 80' lang='lat' dir='ltr'>patriarchalium</span> 
     </span>
     <span class='ocr_line' id='line_1_7' title="bbox 357 773 2404 861; baseline -0.007 -18"><span class='ocrx_word' id='word_1_49' title='bbox 357 788 587 856; x_wconf 89' lang='lat' dir='ltr'>sedium,</span> <span class='ocrx_word' id='word_1_50' title='bbox 618 803 760 861; x_wconf 91' lang='lat' dir='ltr'>quae</span> <span class='ocrx_word' id='word_1_51' title='bbox 788 784 1034 838; x_wconf 92' lang='lat' dir='ltr'>nondum</span> <span class='ocrx_word' id='word_1_52' title='bbox 1062 788 1208 836; x_wconf 91' lang='lat' dir='ltr'>esset</span> <span class='ocrx_word' id='word_1_53' title='bbox 1234 796 1338 834; x_wconf 91' lang='lat' dir='ltr'>nec</span> <span class='ocrx_word' id='word_1_54' title='bbox 1362 776 1769 854; x_wconf 89' lang='lat' dir='ltr'>patriarchalis,</span> <span class='ocrx_word' id='word_1_55' title='bbox 1798 792 1903 830; x_wconf 91' lang='lat' dir='ltr'>nec</span> <span class='ocrx_word' id='word_1_56' title='bbox 1930 775 2107 843; x_wconf 86' lang='lat' dir='ltr'>sedeS,</span> <span class='ocrx_word' id='word_1_57' title='bbox 2138 790 2242 828; x_wconf 90' lang='lat' dir='ltr'>nec</span> <span class='ocrx_word' id='word_1_58' title='bbox 2268 773 2404 829; x_wconf 93' lang='lat' dir='ltr'>urbs</span> 
     </span>
     <span class='ocr_line' id='line_1_8' title="bbox 359 864 2405 943; baseline -0.007 -11"><span class='ocrx_word' id='word_1_59' title='bbox 359 876 693 943; x_wconf 91' lang='lat' dir='ltr'>Christiana,</span> <span class='ocrx_word' id='word_1_60' title='bbox 722 890 824 928; x_wconf 91' lang='lat' dir='ltr'>nec</span> <span class='ocrx_word' id='word_1_61' title='bbox 853 873 932 927; x_wconf 94' lang='lat' dir='ltr'>sic</span> <span class='ocrx_word' id='word_1_62' title='bbox 959 871 1262 939; x_wconf 90' lang='lat' dir='ltr'>nominata,</span> <span class='ocrx_word' id='word_1_63' title='bbox 1293 885 1397 923; x_wconf 89' lang='lat' dir='ltr'>nec</span> <span class='ocrx_word' id='word_1_64' title='bbox 1424 867 1665 936; x_wconf 88' lang='lat' dir='ltr'>condita,</span> <span class='ocrx_word' id='word_1_65' title='bbox 1696 882 1798 920; x_wconf 92' lang='lat' dir='ltr'>nec</span> <span class='ocrx_word' id='word_1_66' title='bbox 1827 865 1900 919; x_wconf 93' lang='lat' dir='ltr'>ad</span> <span class='ocrx_word' id='word_1_67' title='bbox 1929 864 2282 919; x_wconf 90' lang='lat' dir='ltr'>condendum</span> <span class='ocrx_word' id='word_1_68' title='bbox 2311 864 2405 919; x_wconf 91' lang='lat' dir='ltr'>de-</span> 
     </span>
     <span class='ocr_line' id='line_1_9' title="bbox 359 953 2405 1038; baseline -0.007 -17"><span class='ocrx_word' id='word_1_69' title='bbox 359 967 597 1021; x_wconf 88' lang='lat' dir='ltr'>stinata?</span> <span class='ocrx_word' id='word_1_70' title='bbox 651 963 870 1038; x_wconf 89' lang='lat' dir='ltr'>Quippe</span> <span class='ocrx_word' id='word_1_71' title='bbox 914 960 1267 1036; x_wconf 84' lang='lat' dir='ltr'>privilegium</span> <span class='ocrx_word' id='word_1_72' title='bbox 1315 974 1638 1013; x_wconf 89' lang='lat' dir='ltr'>concessum</span> <span class='ocrx_word' id='word_1_73' title='bbox 1686 963 1772 1010; x_wconf 92' lang='lat' dir='ltr'>est</span> <span class='ocrx_word' id='word_1_74' title='bbox 1819 954 2006 1009; x_wconf 93' lang='lat' dir='ltr'>triduo</span> <span class='ocrx_word' id='word_1_75' title='bbox 2056 954 2209 1028; x_wconf 93' lang='lat' dir='ltr'>quod</span> <span class='ocrx_word' id='word_1_76' title='bbox 2259 953 2405 1009; x_wconf 91' lang='lat' dir='ltr'>Con-</span> 
     </span>
     <span class='ocr_line' id='line_1_10' title="bbox 356 1044 2400 1121; baseline -0.005 -10"><span class='ocrx_word' id='word_1_77' title='bbox 356 1055 631 1111; x_wconf 90' lang='lat' dir='ltr'>stantinus</span> <span class='ocrx_word' id='word_1_78' title='bbox 661 1062 805 1108; x_wconf 89' lang='lat' dir='ltr'>esset</span> <span class='ocrx_word' id='word_1_79' title='bbox 835 1053 1062 1107; x_wconf 87' lang='lat' dir='ltr'>effectus</span> <span class='ocrx_word' id='word_1_80' title='bbox 1095 1049 1463 1117; x_wconf 84' lang='lat' dir='ltr'>ChristianuS,</span> <span class='ocrx_word' id='word_1_81' title='bbox 1494 1063 1623 1102; x_wconf 92' lang='lat' dir='ltr'>cum</span> <span class='ocrx_word' id='word_1_82' title='bbox 1655 1044 2013 1121; x_wconf 87' lang='lat' dir='ltr'>Byzantium1</span> <span class='ocrx_word' id='word_1_83' title='bbox 2046 1045 2231 1101; x_wconf 90' lang='lat' dir='ltr'>adhuc</span> <span class='ocrx_word' id='word_1_84' title='bbox 2262 1053 2400 1115; x_wconf 91' lang='lat' dir='ltr'>erat,</span> 
     </span>
     <span class='ocr_line' id='line_1_11' title="bbox 356 1135 2403 1216; baseline -0.004 -16"><span class='ocrx_word' id='word_1_85' title='bbox 356 1164 467 1200; x_wconf 94' lang='lat' dir='ltr'>non</span> <span class='ocrx_word' id='word_1_86' title='bbox 507 1141 1034 1216; x_wconf 81' lang='lat' dir='ltr'>Constantinopolis,</span> <span class='ocrx_word' id='word_1_87' title='bbox 1075 1139 1323 1194; x_wconf 90' lang='lat' dir='ltr'>Mentior</span> <span class='ocrx_word' id='word_1_88' title='bbox 1362 1138 1469 1192; x_wconf 90' lang='lat' dir='ltr'>nisi</span> <span class='ocrx_word' id='word_1_89' title='bbox 1506 1137 1614 1191; x_wconf 90' lang='lat' dir='ltr'>hoc</span> <span class='ocrx_word' id='word_1_90' title='bbox 1651 1153 1875 1212; x_wconf 93' lang='lat' dir='ltr'>quoque</span> <span class='ocrx_word' id='word_1_91' title='bbox 1913 1135 2270 1191; x_wconf 85' lang='lat' dir='ltr'>confiteatur²</span> <span class='ocrx_word' id='word_1_92' title='bbox 2308 1135 2403 1192; x_wconf 92' lang='lat' dir='ltr'>hic</span> 
     </span>
     <span class='ocr_line' id='line_1_12' title="bbox 356 1226 1741 1304; baseline -0.005 -16"><span class='ocrx_word' id='word_1_93' title='bbox 356 1234 605 1289; x_wconf 68' lang='lat' dir='ltr'>stolidus</span> <span class='ocrx_word' id='word_1_94' title='bbox 631 1231 833 1287; x_wconf 91' lang='lat' dir='ltr'>Scribit</span> <span class='ocrx_word' id='word_1_95' title='bbox 854 1231 1000 1285; x_wconf 93' lang='lat' dir='ltr'>enim</span> <span class='ocrx_word' id='word_1_96' title='bbox 1020 1246 1193 1304; x_wconf 90' lang='lat' dir='ltr'>prope</span> <span class='ocrx_word' id='word_1_97' title='bbox 1215 1229 1423 1282; x_wconf 90' lang='lat' dir='ltr'>calcem</span> <span class='ocrx_word' id='word_1_98' title='bbox 1444 1226 1741 1302; x_wconf 87' lang='lat' dir='ltr'>privilegii:</span> 
     </span>
    </p>
   </div>
   <div class='ocr_carea' id='block_1_5' title="bbox 434 1357 2499 1436">
    <p class='ocr_par' dir='ltr' id='par_1_5' title="bbox 434 1357 2499 1436">
     <span class='ocr_line' id='line_1_13' title="bbox 434 1357 2499 1436; baseline -0.004 -18"><span class='ocrx_word' id='word_1_99' title='bbox 434 1364 631 1418; x_wconf 87' lang='lat' dir='ltr'>“Unde</span> <span class='ocrx_word' id='word_1_100' title='bbox 675 1378 979 1436; x_wconf 86' lang='lat' dir='ltr'>congruum</span> <span class='ocrx_word' id='word_1_101' title='bbox 1018 1359 1419 1435; x_wconf 85' lang='lat' dir='ltr'>prospeximuS,</span> <span class='ocrx_word' id='word_1_102' title='bbox 1464 1366 1718 1413; x_wconf 94' lang='lat' dir='ltr'>nostrum</span> <span class='ocrx_word' id='word_1_103' title='bbox 1762 1357 2056 1432; x_wconf 92' lang='lat' dir='ltr'>imperium</span> <span class='ocrx_word' id='word_1_104' title='bbox 2075 1398 2077 1400; x_wconf 9' lang='grc' dir='ltr'>μ</span> <span class='ocrx_word' id='word_1_105' title='bbox 2099 1365 2155 1412; x_wconf 92' lang='lat' dir='ltr'>et</span> <span class='ocrx_word' id='word_1_106' title='bbox 2198 1358 2408 1433; x_wconf 86' lang='lat' dir='ltr'>regiam</span> <span class='ocrx_word' id='word_1_107' title='bbox 2496 1406 2499 1407; x_wconf 10' lang='grc' dir='ltr'><em>γ</em></span> 
     </span>
    </p>
   </div>
   <div class='ocr_carea' id='block_1_6' title="bbox 353 1448 2408 1705">
    <p class='ocr_par' dir='ltr' id='par_1_6' title="bbox 353 1448 2408 1705">
     <span class='ocr_line' id='line_1_14' title="bbox 353 1448 2402 1529; baseline -0.003 -20"><span class='ocrx_word' id='word_1_108' title='bbox 353 1461 686 1529; x_wconf 89' lang='lat' dir='ltr'>potestatem</span> <span class='ocrx_word' id='word_1_109' title='bbox 709 1451 1068 1507; x_wconf 90' lang='lat' dir='ltr'>orientalibus</span> <span class='ocrx_word' id='word_1_110' title='bbox 1094 1449 1386 1505; x_wconf 84' lang='lat' dir='ltr'>transferri</span> <span class='ocrx_word' id='word_1_111' title='bbox 1411 1448 1745 1524; x_wconf 86' lang='lat' dir='ltr'>regionibus,</span> <span class='ocrx_word' id='word_1_112' title='bbox 1772 1456 1828 1503; x_wconf 93' lang='lat' dir='ltr'>et</span> <span class='ocrx_word' id='word_1_113' title='bbox 1853 1448 1910 1502; x_wconf 95' lang='lat' dir='ltr'>in</span> <span class='ocrx_word' id='word_1_114' title='bbox 1941 1448 2252 1523; x_wconf 91' lang='lat' dir='ltr'>Byzantiae</span> <span class='ocrx_word' id='word_1_115' title='bbox 2274 1465 2402 1524; x_wconf 87' lang='lat' dir='ltr'>pro-</span> 
     </span>
     <span class='ocr_line' id='line_1_15' title="bbox 357 1538 2408 1616; baseline -0.002 -19"><span class='ocrx_word' id='word_1_116' title='bbox 357 1543 569 1597; x_wconf 91' lang='lat' dir='ltr'>vinciae</span> <span class='ocrx_word' id='word_1_117' title='bbox 614 1542 823 1616; x_wconf 88' lang='lat' dir='ltr'>optimo</span> <span class='ocrx_word' id='word_1_118' title='bbox 867 1542 987 1595; x_wconf 91' lang='lat' dir='ltr'>loco</span> <span class='ocrx_word' id='word_1_119' title='bbox 1030 1540 1240 1595; x_wconf 92' lang='lat' dir='ltr'>nomini</span> <span class='ocrx_word' id='word_1_120' title='bbox 1281 1547 1475 1594; x_wconf 93' lang='lat' dir='ltr'>nostro</span> <span class='ocrx_word' id='word_1_121' title='bbox 1516 1539 1803 1593; x_wconf 90' lang='lat' dir='ltr'>civitatem</span> <span class='ocrx_word' id='word_1_122' title='bbox 1846 1538 2148 1608; x_wconf 86' lang='lat' dir='ltr'>aedificari,</span> <span class='ocrx_word' id='word_1_123' title='bbox 2195 1546 2251 1593; x_wconf 91' lang='lat' dir='ltr'>et</span> <span class='ocrx_word' id='word_1_124' title='bbox 2295 1539 2408 1593; x_wconf 92' lang='lat' dir='ltr'>illic</span> 
     </span>
     <span class='ocr_line' id='line_1_16' title="bbox 356 1630 1265 1705; baseline -0.002 -19"><span class='ocrx_word' id='word_1_125' title='bbox 356 1640 605 1687; x_wconf 93' lang='lat' dir='ltr'>nostrum</span> <span class='ocrx_word' id='word_1_126' title='bbox 630 1631 891 1685; x_wconf 94' lang='lat' dir='ltr'>constitui</span> <span class='ocrx_word' id='word_1_127' title='bbox 918 1630 1265 1705; x_wconf 89' lang='lat' dir='ltr'>imperium.&#39;&#39;</span> 
     </span>
    </p>
   </div>
   <div class='ocr_carea' id='block_1_7' title="bbox 357 1760 2413 2742">
    <p class='ocr_par' dir='ltr' id='par_1_7' title="bbox 357 1760 2413 2742">
     <span class='ocr_line' id='line_1_17' title="bbox 432 1760 2406 1836; baseline -0.001 -20"><span class='ocrx_word' id='word_1_128' title='bbox 432 1762 486 1817; x_wconf 92' lang='lat' dir='ltr'>Si</span> <span class='ocrx_word' id='word_1_129' title='bbox 521 1762 611 1816; x_wconf 92' lang='lat' dir='ltr'>ille</span> <span class='ocrx_word' id='word_1_130' title='bbox 645 1762 947 1816; x_wconf 90' lang='lat' dir='ltr'>transferre</span> <span class='ocrx_word' id='word_1_131' title='bbox 982 1761 1208 1816; x_wconf 91' lang='lat' dir='ltr'>volebat</span> <span class='ocrx_word' id='word_1_132' title='bbox 1242 1760 1350 1816; x_wconf 91' lang='lat' dir='ltr'>alio</span> <span class='ocrx_word' id='word_1_133' title='bbox 1387 1760 1698 1836; x_wconf 92' lang='lat' dir='ltr'>imperium,</span> <span class='ocrx_word' id='word_1_134' title='bbox 1736 1761 1986 1815; x_wconf 92' lang='lat' dir='ltr'>nondum</span> <span class='ocrx_word' id='word_1_135' title='bbox 2023 1760 2406 1816; x_wconf 90' lang='lat' dir='ltr'>transtulerat.</span> 
     </span>
     <span class='ocr_line' id='line_1_18' title="bbox 359 1850 2409 1926; baseline -0 -19"><span class='ocrx_word' id='word_1_136' title='bbox 359 1852 413 1907; x_wconf 89' lang='lat' dir='ltr'>Si</span> <span class='ocrx_word' id='word_1_137' title='bbox 442 1852 554 1906; x_wconf 90' lang='lat' dir='ltr'>illic</span> <span class='ocrx_word' id='word_1_138' title='bbox 581 1852 805 1907; x_wconf 91' lang='lat' dir='ltr'>volebat</span> <span class='ocrx_word' id='word_1_139' title='bbox 835 1851 1170 1906; x_wconf 92' lang='lat' dir='ltr'>constituere</span> <span class='ocrx_word' id='word_1_140' title='bbox 1201 1851 1511 1926; x_wconf 91' lang='lat' dir='ltr'>imperium,</span> <span class='ocrx_word' id='word_1_141' title='bbox 1543 1852 1792 1906; x_wconf 91' lang='lat' dir='ltr'>nondum</span> <span class='ocrx_word' id='word_1_142' title='bbox 1822 1850 2207 1906; x_wconf 87' lang='lat' dir='ltr'>constituerat.</span> <span class='ocrx_word' id='word_1_143' title='bbox 2242 1851 2299 1906; x_wconf 91' lang='lat' dir='ltr'>Si</span> <span class='ocrx_word' id='word_1_144' title='bbox 2329 1851 2409 1906; x_wconf 92' lang='lat' dir='ltr'>sic</span> 
     </span>
     <span class='ocr_line' id='line_1_19' title="bbox 358 1941 2410 2017; baseline 0 -21"><span class='ocrx_word' id='word_1_145' title='bbox 358 1942 579 1997; x_wconf 91' lang='lat' dir='ltr'>volebat</span> <span class='ocrx_word' id='word_1_146' title='bbox 602 1941 893 1996; x_wconf 89' lang='lat' dir='ltr'>aedificare</span> <span class='ocrx_word' id='word_1_147' title='bbox 917 1942 1129 2011; x_wconf 93' lang='lat' dir='ltr'>urbem,</span> <span class='ocrx_word' id='word_1_148' title='bbox 1157 1942 1406 1996; x_wconf 94' lang='lat' dir='ltr'>nondum</span> <span class='ocrx_word' id='word_1_149' title='bbox 1431 1941 1841 1996; x_wconf 88' lang='lat' dir='ltr'>aedificaverat.</span> <span class='ocrx_word' id='word_1_150' title='bbox 1866 1942 1925 1996; x_wconf 96' lang='lat' dir='ltr'>N</span> <span class='ocrx_word' id='word_1_151' title='bbox 1928 1959 2002 1996; x_wconf 94' lang='lat' dir='ltr'>on</span> <span class='ocrx_word' id='word_1_152' title='bbox 2026 1959 2159 2017; x_wconf 86' lang='lat' dir='ltr'>ergo·</span> <span class='ocrx_word' id='word_1_153' title='bbox 2185 1941 2410 1997; x_wconf 85' lang='lat' dir='ltr'>fecisset</span> 
     </span>
     <span class='ocr_line' id='line_1_20' title="bbox 357 2031 2408 2107; baseline 0.001 -23"><span class='ocrx_word' id='word_1_154' title='bbox 357 2031 693 2086; x_wconf 91' lang='lat' dir='ltr'>mentionem</span> <span class='ocrx_word' id='word_1_155' title='bbox 714 2032 781 2085; x_wconf 92' lang='lat' dir='ltr'>de</span> <span class='ocrx_word' id='word_1_156' title='bbox 802 2031 1178 2106; x_wconf 88' lang='lat' dir='ltr'>patriarchali,</span> <span class='ocrx_word' id='word_1_157' title='bbox 1202 2032 1270 2086; x_wconf 93' lang='lat' dir='ltr'>de</span> <span class='ocrx_word' id='word_1_158' title='bbox 1294 2049 1408 2086; x_wconf 92' lang='lat' dir='ltr'>una</span> <span class='ocrx_word' id='word_1_159' title='bbox 1427 2039 1694 2107; x_wconf 90' lang='lat' dir='ltr'>quattuor</span> <span class='ocrx_word' id='word_1_160' title='bbox 1717 2031 1949 2100; x_wconf 91' lang='lat' dir='ltr'>sedium,</span> <span class='ocrx_word' id='word_1_161' title='bbox 1974 2032 2042 2086; x_wconf 92' lang='lat' dir='ltr'>de</span> <span class='ocrx_word' id='word_1_162' title='bbox 2068 2031 2408 2101; x_wconf 88' lang='lat' dir='ltr'>Christiana,</span> 
     </span>
     <span class='ocr_line' id='line_1_21' title="bbox 360 2121 2410 2197; baseline 0.001 -22"><span class='ocrx_word' id='word_1_163' title='bbox 360 2122 427 2175; x_wconf 91' lang='lat' dir='ltr'>de</span> <span class='ocrx_word' id='word_1_164' title='bbox 454 2121 533 2175; x_wconf 91' lang='lat' dir='ltr'>sic</span> <span class='ocrx_word' id='word_1_165' title='bbox 558 2121 859 2190; x_wconf 90' lang='lat' dir='ltr'>nominata,</span> <span class='ocrx_word' id='word_1_166' title='bbox 890 2122 957 2175; x_wconf 90' lang='lat' dir='ltr'>de</span> <span class='ocrx_word' id='word_1_167' title='bbox 984 2122 1231 2191; x_wconf 81' lang='lat' dir='ltr'>condita3</span> <span class='ocrx_word' id='word_1_168' title='bbox 1270 2122 1338 2176; x_wconf 94' lang='lat' dir='ltr'>de</span> <span class='ocrx_word' id='word_1_169' title='bbox 1365 2139 1478 2196; x_wconf 90' lang='lat' dir='ltr'>qua</span> <span class='ocrx_word' id='word_1_170' title='bbox 1503 2122 1810 2191; x_wconf 89' lang='lat' dir='ltr'>condenda,</span> <span class='ocrx_word' id='word_1_171' title='bbox 1839 2129 1904 2176; x_wconf 90' lang='lat' dir='ltr'>ut</span> <span class='ocrx_word' id='word_1_172' title='bbox 1930 2122 2198 2177; x_wconf 92' lang='lat' dir='ltr'>historiae</span> <span class='ocrx_word' id='word_1_173' title='bbox 2223 2123 2410 2197; x_wconf 90' lang='lat' dir='ltr'>placet</span> 
     </span>
     <span class='ocr_line' id='line_1_22' title="bbox 358 2211 2404 2289; baseline 0.001 -24"><span class='ocrx_word' id='word_1_174' title='bbox 358 2229 526 2286; x_wconf 92' lang='lat' dir='ltr'>quam</span> <span class='ocrx_word' id='word_1_175' title='bbox 563 2212 730 2266; x_wconf 91' lang='lat' dir='ltr'>Palea</span> <span class='ocrx_word' id='word_1_176' title='bbox 764 2211 821 2265; x_wconf 92' lang='lat' dir='ltr'>in</span> <span class='ocrx_word' id='word_1_177' title='bbox 857 2211 1234 2266; x_wconf 88' lang='lat' dir='ltr'>testimonium</span> <span class='ocrx_word' id='word_1_178' title='bbox 1271 2212 1450 2281; x_wconf 87' lang='lat' dir='ltr'>affert,</span> <span class='ocrx_word' id='word_1_179' title='bbox 1487 2230 1556 2267; x_wconf 93' lang='lat' dir='ltr'>ne</span> <span class='ocrx_word' id='word_1_180' title='bbox 1594 2211 1868 2287; x_wconf 84' lang='lat' dir='ltr'>cogitarat</span> <span class='ocrx_word' id='word_1_181' title='bbox 1902 2212 2146 2288; x_wconf 89' lang='lat' dir='ltr'>quidem.</span> <span class='ocrx_word' id='word_1_182' title='bbox 2183 2211 2234 2267; x_wconf 94' lang='lat' dir='ltr'>A</span> <span class='ocrx_word' id='word_1_183' title='bbox 2269 2212 2404 2289; x_wconf 82' lang='lat' dir='ltr'>qua³</span> 
     </span>
     <span class='ocr_line' id='line_1_23' title="bbox 360 2301 2413 2378; baseline 0.002 -25"><span class='ocrx_word' id='word_1_184' title='bbox 360 2318 472 2355; x_wconf 94' lang='lat' dir='ltr'>non</span> <span class='ocrx_word' id='word_1_185' title='bbox 511 2301 663 2355; x_wconf 93' lang='lat' dir='ltr'>videt</span> <span class='ocrx_word' id='word_1_186' title='bbox 699 2301 839 2355; x_wconf 93' lang='lat' dir='ltr'>haec</span> <span class='ocrx_word' id='word_1_187' title='bbox 878 2301 1059 2371; x_wconf 91' lang='lat' dir='ltr'>belua,</span> <span class='ocrx_word' id='word_1_188' title='bbox 1100 2301 1217 2356; x_wconf 89' lang='lat' dir='ltr'>sive</span> <span class='ocrx_word' id='word_1_189' title='bbox 1259 2301 1305 2356; x_wconf 92' lang='lat' dir='ltr'>is</span> <span class='ocrx_word' id='word_1_190' title='bbox 1347 2302 1518 2357; x_wconf 89' lang='lat' dir='ltr'>Palea</span> <span class='ocrx_word' id='word_1_191' title='bbox 1557 2302 1646 2371; x_wconf 92' lang='lat' dir='ltr'>sit,</span> <span class='ocrx_word' id='word_1_192' title='bbox 1688 2302 1807 2357; x_wconf 91' lang='lat' dir='ltr'>sive</span> <span class='ocrx_word' id='word_1_193' title='bbox 1846 2303 1988 2358; x_wconf 91' lang='lat' dir='ltr'>alius</span> <span class='ocrx_word' id='word_1_194' title='bbox 2029 2320 2199 2378; x_wconf 91' lang='lat' dir='ltr'>quem</span> <span class='ocrx_word' id='word_1_195' title='bbox 2241 2303 2413 2358; x_wconf 90' lang='lat' dir='ltr'>Palea</span> 
     </span>
     <span class='ocr_line' id='line_1_24' title="bbox 360 2390 2411 2469; baseline 0.003 -25"><span class='ocrx_word' id='word_1_196' title='bbox 360 2390 625 2465; x_wconf 91' lang='lat' dir='ltr'>sequitur,</span> <span class='ocrx_word' id='word_1_197' title='bbox 650 2408 707 2445; x_wconf 93' lang='lat' dir='ltr'>se</span> <span class='ocrx_word' id='word_1_198' title='bbox 732 2390 1040 2460; x_wconf 91' lang='lat' dir='ltr'>dissentire,</span> <span class='ocrx_word' id='word_1_199' title='bbox 1065 2391 1162 2446; x_wconf 92' lang='lat' dir='ltr'>ubi</span> <span class='ocrx_word' id='word_1_200' title='bbox 1188 2392 1608 2461; x_wconf 90' lang='lat' dir='ltr'>Constantinus,</span> <span class='ocrx_word' id='word_1_201' title='bbox 1637 2410 1749 2447; x_wconf 92' lang='lat' dir='ltr'>non</span> <span class='ocrx_word' id='word_1_202' title='bbox 1774 2410 1877 2448; x_wconf 92' lang='lat' dir='ltr'>sua</span> <span class='ocrx_word' id='word_1_203' title='bbox 1901 2402 2116 2469; x_wconf 94' lang='lat' dir='ltr'>sponte,</span> <span class='ocrx_word' id='word_1_204' title='bbox 2142 2396 2240 2450; x_wconf 94' lang='lat' dir='ltr'>sed</span> <span class='ocrx_word' id='word_1_205' title='bbox 2266 2395 2411 2451; x_wconf 86' lang='lat' dir='ltr'>inter</span> 
     </span>
     <span class='ocr_line' id='line_1_25' title="bbox 359 2480 2406 2562; baseline 0.005 -29"><span class='ocrx_word' id='word_1_206' title='bbox 359 2480 599 2555; x_wconf 91' lang='lat' dir='ltr'>quietem</span> <span class='ocrx_word' id='word_1_207' title='bbox 622 2480 909 2535; x_wconf 93' lang='lat' dir='ltr'>admonitu</span> <span class='ocrx_word' id='word_1_208' title='bbox 932 2480 1058 2550; x_wconf 91' lang='lat' dir='ltr'>Dei,</span> <span class='ocrx_word' id='word_1_209' title='bbox 1081 2499 1193 2536; x_wconf 93' lang='lat' dir='ltr'>non</span> <span class='ocrx_word' id='word_1_210' title='bbox 1216 2482 1445 2552; x_wconf 91' lang='lat' dir='ltr'>Romae,</span> <span class='ocrx_word' id='word_1_211' title='bbox 1468 2483 1566 2538; x_wconf 95' lang='lat' dir='ltr'>sed</span> <span class='ocrx_word' id='word_1_212' title='bbox 1589 2483 1867 2558; x_wconf 90' lang='lat' dir='ltr'>Byzantii,</span> <span class='ocrx_word' id='word_1_213' title='bbox 1891 2501 2004 2539; x_wconf 93' lang='lat' dir='ltr'>non</span> <span class='ocrx_word' id='word_1_214' title='bbox 2026 2484 2176 2541; x_wconf 91' lang='lat' dir='ltr'>intra</span> <span class='ocrx_word' id='word_1_215' title='bbox 2194 2502 2406 2562; x_wconf 89' lang='lat' dir='ltr'>paucos</span> 
     </span>
     <span class='ocr_line' id='line_1_26' title="bbox 360 2569 2408 2646; baseline 0.004 -23"><span class='ocrx_word' id='word_1_216' title='bbox 360 2569 493 2638; x_wconf 85' lang='lat' dir='ltr'>dies,</span> <span class='ocrx_word' id='word_1_217' title='bbox 523 2570 618 2624; x_wconf 90' lang='lat' dir='ltr'>sed</span> <span class='ocrx_word' id='word_1_218' title='bbox 644 2577 772 2644; x_wconf 89' lang='lat' dir='ltr'>post</span> <span class='ocrx_word' id='word_1_219' title='bbox 800 2570 1013 2645; x_wconf 89' lang='lat' dir='ltr'>aliquot</span> <span class='ocrx_word' id='word_1_220' title='bbox 1040 2589 1233 2640; x_wconf 82' lang='lat' dir='ltr'>annOS,</span> <span class='ocrx_word' id='word_1_221' title='bbox 1264 2572 1467 2626; x_wconf 92' lang='lat' dir='ltr'>dicitur</span> <span class='ocrx_word' id='word_1_222' title='bbox 1494 2573 1804 2629; x_wconf 89' lang='lat' dir='ltr'>decrevisse</span> <span class='ocrx_word' id='word_1_223' title='bbox 1835 2574 1903 2629; x_wconf 91' lang='lat' dir='ltr'>de</span> <span class='ocrx_word' id='word_1_224' title='bbox 1931 2575 2072 2630; x_wconf 92' lang='lat' dir='ltr'>urbe</span> <span class='ocrx_word' id='word_1_225' title='bbox 2099 2577 2408 2646; x_wconf 90' lang='lat' dir='ltr'>condenda,</span> 
     </span>
     <span class='ocr_line' id='line_1_27' title="bbox 360 2660 2411 2742; baseline 0.005 -30"><span class='ocrx_word' id='word_1_226' title='bbox 360 2676 669 2734; x_wconf 91' lang='lat' dir='ltr'>nomenque</span> <span class='ocrx_word' id='word_1_227' title='bbox 695 2661 845 2734; x_wconf 93' lang='lat' dir='ltr'>quod</span> <span class='ocrx_word' id='word_1_228' title='bbox 871 2660 927 2714; x_wconf 93' lang='lat' dir='ltr'>in</span> <span class='ocrx_word' id='word_1_229' title='bbox 954 2661 1161 2716; x_wconf 91' lang='lat' dir='ltr'>somnis</span> <span class='ocrx_word' id='word_1_230' title='bbox 1189 2662 1418 2717; x_wconf 91' lang='lat' dir='ltr'>edoctus</span> <span class='ocrx_word' id='word_1_231' title='bbox 1450 2662 1635 2718; x_wconf 90' lang='lat' dir='ltr'>fuerat</span> <span class='ocrx_word' id='word_1_232' title='bbox 1659 2663 1942 2719; x_wconf 92' lang='lat' dir='ltr'>indidisse.</span> <span class='ocrx_word' id='word_1_233' title='bbox 1974 2665 2112 2735; x_wconf 89' lang='lat' dir='ltr'>Quis</span> <span class='ocrx_word' id='word_1_234' title='bbox 2140 2683 2270 2742; x_wconf 87' lang='lat' dir='ltr'>ergo</span> <span class='ocrx_word' id='word_1_235' title='bbox 2297 2684 2411 2722; x_wconf 94' lang='lat' dir='ltr'>non</span> 
     </span>
    </p>
   </div>
   <div class='ocr_carea' id='block_1_8' title="bbox 425 3355 1501 3548">
    <p class='ocr_par' dir='ltr' id='par_1_8' title="bbox 425 3355 1501 3548">
     <span class='ocr_line' id='line_1_28' title="bbox 427 3355 1342 3411; baseline 0.008 -15"><span class='ocrx_word' id='word_1_236' title='bbox 427 3357 446 3383; x_wconf 84' lang='lat'><strong>1</strong></span> <span class='ocrx_word' id='word_1_237' title='bbox 463 3355 730 3407; x_wconf 79' lang='lat' dir='ltr'>Bizantium3</span> <span class='ocrx_word' id='word_1_238' title='bbox 758 3357 870 3409; x_wconf 92' lang='lat' dir='ltr'>MS.,</span> <span class='ocrx_word' id='word_1_239' title='bbox 892 3371 941 3400; x_wconf 90' lang='lat' dir='ltr'>so</span> <span class='ocrx_word' id='word_1_240' title='bbox 964 3358 1009 3400; x_wconf 90' lang='lat' dir='ltr'>in</span> <span class='ocrx_word' id='word_1_241' title='bbox 1032 3371 1166 3411; x_wconf 89' lang='lat' dir='ltr'>many</span> <span class='ocrx_word' id='word_1_242' title='bbox 1189 3360 1342 3411; x_wconf 87' lang='lat' dir='ltr'>places.</span> 
     </span>
     <span class='ocr_line' id='line_1_29' title="bbox 425 3425 1501 3479; baseline 0.007 -14"><span class='ocrx_word' id='word_1_243' title='bbox 425 3425 444 3451; x_wconf 86' lang='lat'><strong>²</strong></span> <span class='ocrx_word' id='word_1_244' title='bbox 462 3425 644 3476; x_wconf 89' lang='lat' dir='ltr'>Hutten,</span> <span class='ocrx_word' id='word_1_245' title='bbox 667 3426 887 3468; x_wconf 92' lang='lat' dir='ltr'>Bonneau.</span> <span class='ocrx_word' id='word_1_246' title='bbox 940 3428 1221 3479; x_wconf 58' lang='lat' dir='ltr'>confitentum</span> <span class='ocrx_word' id='word_1_247' title='bbox 1250 3429 1347 3472; x_wconf 89' lang='lat' dir='ltr'>MS.</span> <span class='ocrx_word' id='word_1_248' title='bbox 1371 3443 1501 3473; x_wconf 90' lang='lat' dir='ltr'>error.</span> 
     </span>
     <span class='ocr_line' id='line_1_30' title="bbox 427 3493 1294 3548; baseline 0.007 -13"><span class='ocrx_word' id='word_1_249' title='bbox 427 3494 446 3520; x_wconf 81' lang='lat'><strong>³</strong></span> <span class='ocrx_word' id='word_1_250' title='bbox 462 3493 618 3546; x_wconf 89' lang='lat' dir='ltr'>Atqui;</span> <span class='ocrx_word' id='word_1_251' title='bbox 647 3495 829 3538; x_wconf 88' lang='lat' dir='ltr'>Hutten.</span> <span class='ocrx_word' id='word_1_252' title='bbox 878 3496 1044 3548; x_wconf 82' lang='lat' dir='ltr'>Atque3</span> <span class='ocrx_word' id='word_1_253' title='bbox 1072 3498 1294 3542; x_wconf 89' lang='lat' dir='ltr'>Bonneau.</span> 
     </span>
    </p>
   </div>
   <div class='ocr_carea' id='block_1_9' title="bbox 2603 0 2638 2174">
    <p class='ocr_par' dir='ltr' id='par_1_9' title="bbox 2603 0 2638 2174">
     <span class='ocr_line' id='line_1_31' title="bbox 2603 0 2638 2174; baseline 0 0"><span class='ocrx_word' id='word_1_254' title='bbox 2603 0 2638 2174; x_wconf 95' lang='lat' dir='ltr'> </span> 
     </span>
    </p>
   </div>
   <div class='ocr_carea' id='block_1_10' title="bbox 2587 2651 2638 4036">
    <p class='ocr_par' dir='ltr' id='par_1_10' title="bbox 2587 2651 2638 4036">
     <span class='ocr_line' id='line_1_32' title="bbox 2587 2651 2638 4036; baseline 0 0"><span class='ocrx_word' id='word_1_255' title='bbox 2587 2651 2638 4036; x_wconf 95' lang='lat' dir='ltr'> </span> 
     </span>
    </p>
   </div>
  </div>
 </body>
</html>
