2730 4198
459 213 548 258 142
860 194 1007 243 THE
1041 192 1421 244 DONATION
1457 191 1547 242 OF
1584 190 1730 241 CON
1733 189 2046 240 STANTIN
2048 189 2093 238 E

454 307 622 362 Illum
644 323 744 381 ego
770 304 1086 380 diligentius
1112 304 1424 379 inspectum
1448 301 1692 377 comperi
1716 301 1987 376 scriptum
2014 317 2134 355 esse
2161 300 2318 356 iussu
2343 302 2506 377 regiS,

454 405 518 452 ut
541 396 754 471 opinor,
782 394 1015 450 Roberti
1040 393 1408 468 chirographo
1429 391 1670 447 hominis
1696 390 1956 465 imperiti.
2039 415 2042 418 >

528 487 678 542 Huic
697 486 874 542 simile
897 493 998 554 est,
1011 501 1353 560 quamquam
1374 483 1566 538 decem
1586 481 1762 536 millia
1780 479 2100 536 huiusmodi
2114 481 2330 537 Romae
2352 489 2502 553 sunt,

455 577 608 652 quod
630 575 773 630 inter
800 574 1056 650 religiosa
1081 574 1495 628 demonstratur
1518 571 1577 626 in
1602 571 1811 627 tabella
1835 569 2041 645 effigies
2068 570 2221 625 Petri
2245 578 2304 626 et
2328 572 2506 642 Pauli,

456 683 626 741 quam
669 665 929 720 Silvester
971 663 1342 719 Constantino
1382 662 1455 717 ab
1497 661 1706 717 eisdem
1748 659 2016 736 apostolis
2057 659 2116 714 in
2158 660 2368 716 somnis
2410 662 2507 717 ad·
2542 667 2547 671 ⁴

456 755 667 810 monito
706 754 763 808 in
803 753 1281 809 confirmationem
1317 751 1546 807 visionis
1586 750 1852 806 exhibuit.
1891 750 2027 805 Non
2061 749 2171 805 hoc
2209 750 2334 806 dico
2374 751 2509 827 quia

457 839 651 920 negem
683 844 886 919 effigies
920 843 1042 898 illas
1077 860 1196 898 esse
1230 842 1611 918 apostolorum
1653 840 2010 915 (utinamque
2043 847 2162 896 tam
2193 858 2329 896 vera
2362 849 2510 898 esset

457 934 692 1009 epistola
723 934 944 988 nomine
974 932 1197 987 Lentuli
1227 931 1399 987 missa
1430 932 1499 986 de
1529 930 1705 1006 effigie
1739 929 1968 999 Christi,
2000 947 2147 1005 quae
2178 948 2293 986 non
2322 931 2508 987 minus

456 1024 704 1098 improbe
732 1023 996 1078 ementita
1022 1030 1107 1077 est
1135 1039 1304 1098 quam
1330 1021 1682 1097 privilegium
1709 1021 1861 1095 quod
1889 1020 2371 1091 confutavimusl)
2409 1022 2508 1078 sed

457 1114 590 1189 quia
622 1113 828 1168 tabella
858 1112 954 1167 illa
987 1130 1022 1167 a
1055 1112 1338 1187 Sylvestro
1370 1128 1484 1166 non
1521 1110 1692 1166 fuerit
1725 1110 1973 1166 exhibita
2006 1110 2404 1182 Constantino;
2450 1112 2508 1166 in

455 1220 565 1279 quo
590 1220 702 1257 non
727 1201 972 1257 sustineo
998 1201 1169 1257 animi
1197 1201 1305 1256 mei
1332 1200 1760 1256 admirationem
1787 1200 2089 1256 continere.

529 1292 848 1367 Disputabo
869 1291 1016 1347 enim
1039 1290 1251 1366 aliquid
1274 1291 1343 1345 de
1369 1290 1562 1346 fabula
1586 1290 1853 1360 Silvestri,
1878 1290 2012 1367 quia
2036 1298 2094 1347 et
2114 1292 2296 1349 omnis
2319 1293 2378 1349 in
2400 1294 2509 1350 hoc

455 1382 707 1457 quaestio
764 1389 1035 1450 versatur,
1095 1389 1152 1436 et
1207 1380 1344 1434 mihi
1401 1397 1530 1435 cum
1589 1398 1772 1436 sermo
1829 1380 1904 1436 sit
1960 1397 2090 1436 cum
2145 1383 2508 1458 pontificibus

456 1471 739 1540 RomaniS,
779 1471 847 1526 de
883 1470 1149 1546 pontifice
1185 1472 1442 1526 Romano
1478 1470 1835 1546 potissimum
1870 1471 2025 1547 loqui
2064 1473 2301 1544 decebit,
2339 1483 2405 1530 ut
2441 1493 2508 1531 ex

452 1579 563 1616 uno
609 1562 858 1636 exemplo
906 1561 1068 1616 facile
1114 1561 1351 1615 aliorum
1395 1561 1716 1616 coniectura
1763 1561 2036 1638 capiatur.
2084 1564 2161 1619 Et
2203 1581 2270 1619 ex
2315 1565 2507 1622 multis

451 1651 672 1726 ineptiis
702 1668 844 1725 quae
874 1650 951 1706 ibi
977 1658 1275 1705 narrantur
1302 1668 1473 1705 unam
1501 1658 1722 1706 tantum
1752 1652 1820 1707 de
1850 1653 2092 1708 dracone
2121 1654 2412 1730 attingam,
2442 1664 2508 1712 ut

449 1742 678 1798 doceam
721 1741 1154 1797 Constantinum
1195 1759 1307 1796 non
1352 1741 1526 1798 fuisse
1567 1742 1865 1817 leprosum.
1910 1743 2137 1799 Etenim
2182 1744 2357 1802 Gesta
2400 1745 2502 1802 Sil-

450 1831 620 1886 vestri
652 1831 723 1886 ab
758 1831 1000 1886 Eusebio
1034 1832 1280 1906 quodam
1315 1831 1532 1887 Graeco
1562 1832 1804 1903 homine,
1839 1841 1905 1889 ut
1939 1833 2213 1910 interpres
2248 1843 2504 1906 testatur,

448 1921 756 1996 composita
789 1923 959 1991 sunt,1
996 1939 1140 1997 quae
1175 1922 1331 1978 natio
1365 1923 1438 1978 ad
1474 1923 1767 1979 mendacia
1802 1941 2020 2000 semper
2058 1925 2500 2001 promptissima²

448 2019 549 2081 est,
579 2019 642 2067 ut
670 2012 951 2067 Iuvenalis
980 2012 1226 2068 satirica³
1256 2029 1493 2069 censura
1520 2013 1622 2069 ait:

898 2157 955 2211 “.
1015 2201 1025 2211 .
1087 2202 1097 2212 .
1147 2157 1427 2233 Quicquid
1464 2158 1701 2214 Graecia
1736 2161 1977 2215 mendax

932 2247 1118 2303 Audet
1145 2248 1202 2302 in
1228 2248 1518 2304 historia.''

524 2392 686 2446 Unde
712 2393 879 2447 draco
906 2393 996 2448 ille
1021 2397 1283 2449 venerat?
1315 2396 1529 2450 Romae
1557 2396 1827 2453 dracones
1853 2415 1967 2453 non
1991 2398 2313 2473 gignuntur.
2339 2400 2505 2455 Unde

453 2481 622 2538 etiam
670 2482 748 2535 illi
798 2486 1106 2538 venenum?
1163 2485 1232 2537 In
1283 2484 1480 2540 Africa
1529 2493 1752 2541 tantum
1801 2487 2057 2562 pestiferi
2108 2489 2379 2545 dracones
2427 2490 2502 2546 ob

450 2572 703 2626 ardorem
746 2573 982 2647 regionis
1022 2591 1141 2629 esse
1183 2574 1461 2630 dicuntur.
1504 2577 1669 2632 Unde
1708 2586 1999 2653 praeterea
2040 2586 2264 2635 tantum
2303 2580 2504 2636 veneni

517 3397 534 3421 1
553 3395 735 3446 Hutten,
758 3397 979 3440 Bonneau.
1028 3404 1113 3450 est;
1141 3401 1238 3443 MS.
1423 3404 1442 3431 ²
1458 3405 1804 3457 prumptissima3
1831 3407 1929 3449 MS.

516 3465 535 3492 ³
551 3466 758 3517 satyrica;
784 3467 880 3509 MS.
