2638 4198
420 172 486 220 30
777 145 780 147 ’
823 152 969 202 ΤΗΕ
1003 149 1381 201 ΒΟΝΑΤΙΟΝ
1416 148 1507 219 OF
1543 145 2048 198 CONSTANTINE

418 266 628 340 tingere
671 264 827 333 solet,
870 279 1039 338 quam
1080 261 1452 316 accessionem
1493 258 1737 334 imperiis
1781 256 1980 313 vestris
2023 272 2123 311 vos
2167 253 2460 329 regnisque

418 355 731 429 adiungere,
764 360 821 408 et
849 353 1009 426 longe
1039 351 1260 426 lateque
1291 366 1461 424 quam
1492 347 1731 422 maxime
1761 346 2014 422 proferre
2046 343 2357 400 dicionem?
2391 343 2460 395 In

416 445 539 512 hoe,
571 451 636 498 ut
666 442 853 497 videre
885 441 1093 509 videor,
1128 439 1308 495 omnis
1341 444 1528 494 vestra
1561 453 1711 507 cura,
1748 435 1928 491 omnis
1962 433 2243 509 cogitatiO,
2279 430 2460 487 omnis

420 533 577 587 labor
607 531 745 586 dies¹
777 538 1076 604 noctesque
1105 527 1463 583 consumitur.
1496 528 1581 580 Ex
1609 526 1715 580 hoc
1743 525 2045 601 praecipua
2074 539 2200 598 spes
2230 521 2465 597 gloriae,-

415 629 639 697 propter
686 621 793 675 hoc
842 620 1156 694 voluptates
1206 617 1533 693 relinquitis,
1582 624 1810 692 propter
1859 615 1967 669 hoc
2014 613 2164 668 mille
2212 611 2461 688 pericula

398 711 603 779 vaditis,
640 717 865 785 propter
902 708 1007 763 hoc
1044 708 1350 762 carissima²
1388 707 1637 781 pignora,
1675 712 1903 780 propter
1939 704 2047 758 hoc
2081 711 2301 778 partem
2338 718 2456 756 cor-

414 800 563 875 poris
585 817 760 874 aequo
781 799 964 853 animo
986 797 1257 852 amittitis.
1283 797 1565 871 Siquidem
1585 795 1862 850 neminem
1882 801 2131 849 vestrum
2151 801 2250 848 aut
2270 791 2460 847 audivi

416 898 514 945 aut
548 889 653 963 legi
689 906 722 943 a
757 895 959 942 conatu
993 887 1296 961 ampliandi
1332 885 1548 961 imperii
1586 885 1756 939 fuisse
1792 883 2136 953 deterritum,
2174 883 2325 959 quod
2361 890 2461 936 aut

415 979 653 1046 luminis,
678 985 775 1032 aut
799 994 1011 1045 manus,
1036 984 1134 1031 aut
1155 976 1346 1046 cruris,
1371 982 1470 1030 aut
1492 974 1719 1029 alterius
1740 973 1976 1029 membri
1999 973 2273 1028 iacturam
2299 972 2459 1027 fecis-

417 1075 516 1122 set.
551 1067 696 1137 Quin
729 1067 844 1141 ipse
877 1066 968 1120 hic
997 1067 1161 1120 ardor
1194 1072 1361 1140 atque
1393 1064 1531 1119 haec
1562 1064 1675 1118 late
1707 1063 2031 1118 dominandi
2064 1062 2359 1138 cupiditaS,
2395 1070 2459 1116 ut

415 1157 647 1231 quisque
682 1156 916 1210 maxime
950 1163 1148 1229 potens
1183 1161 1283 1223 est,
1320 1154 1400 1208 ita
1434 1170 1561 1208 eum
1593 1153 1831 1208 maxime
1867 1153 2022 1228 angit
2058 1160 2227 1228 atque
2263 1152 2456 1227 agitat.

415 1246 722 1300 Alexander
753 1262 863 1299 non
895 1251 1186 1298 contentus
1217 1244 1435 1297 deserta
1465 1242 1677 1317 Libyae
1707 1242 1943 1317 pedibus
1975 1260 2317 1318 peragrasse,
2349 1241 2458 1296 ori-

415 1342 596 1389 entem
640 1335 711 1388 ad
754 1342 1057 1388 extremum
1100 1350 1276 1407 usque
1319 1332 1606 1387 Oceanum
1649 1332 1864 1401 vicisse,
1912 1332 2191 1388 domuisse
2239 1339 2457 1407 septen-

416 1424 665 1491 trionem,
711 1422 853 1476 inter
897 1430 981 1476 tot
1023 1423 1269 1490 vulnera,
1316 1429 1401 1476 tot
1445 1438 1624 1492 casuS,
1670 1422 2056 1477 recusantibus
2101 1422 2230 1491 iam,
2278 1423 2457 1477 detes-

417 1513 683 1568 tantibus³
734 1521 847 1567 tam
896 1512 1241 1586 longinquas,
1293 1520 1408 1566 tam
1459 1529 1684 1585 asperas
1737 1512 2115 1587 expeditiones
2165 1512 2453 1581 militibus,

416 1601 532 1674 ipse
558 1601 662 1654 sibi
688 1600 823 1653 nihil
848 1600 1092 1655 effecisse
1118 1600 1428 1670 videbatur,
1455 1601 1561 1656 nisi
1589 1609 1645 1656 et
1671 1602 2032 1672 occidentem,
2061 1611 2118 1658 et
2142 1621 2333 1659 omnes
2360 1622 2457 1659 na-

413 1690 587 1744 tiones
623 1698 719 1744 aut
754 1689 826 1758 vi,
865 1698 962 1744 aut
1000 1690 1237 1745 nominis
1275 1690 1361 1744 sui
1398 1690 1731 1746 auctoritate
1770 1692 1876 1747 sibi
1913 1692 2239 1749 tributarias
2276 1695 2456 1749 reddi-

412 1779 597 1834 disset.
635 1780 838 1833 Parum
870 1779 1016 1834 dico:
1059 1779 1171 1834 iam
1205 1780 1491 1835 Oceanum
1527 1781 1765 1836 transire
1798 1790 1855 1837 et
1888 1782 1935 1837 si
1970 1783 2096 1858 quis
2130 1784 2272 1839 alius
2306 1785 2456 1840 orbis

414 1877 556 1924 esset
587 1870 884 1944 explorare,
916 1886 982 1923 ac
1010 1887 1109 1924 suo
1141 1870 1389 1925 subicere
1420 1871 1651 1926 arbitrio
1683 1872 2077 1929 destinaverat.
2111 1876 2182 1928 In
2215 1875 2454 1930 caelum4

411 1958 651 2026 tandem,
692 1966 756 2012 ut
795 1958 1007 2032 opinor,
1049 1966 1319 2014 tentasset
1361 1962 1674 2015 ascendere.
1719 1962 1875 2017 Talis
1921 1963 2037 2018 fere
2081 1972 2167 2019 est
2207 1965 2457 2019 omnium

411 2064 600 2120 regum
641 2048 913 2117 voluntas,
957 2048 1060 2102 etsi
1101 2066 1214 2103 non
1253 2049 1501 2104 omnium
1544 2051 1671 2106 talis
1714 2052 1967 2107 audacia.
2011 2055 2198 2109 Taceo
2242 2063 2456 2130 quanta

414 2136 634 2203 scelera,
667 2144 804 2210 quot
834 2137 1206 2192 abominanda
1235 2147 1462 2213 propter
1495 2140 1789 2215 imperium
1818 2145 2227 2218 assequendum
2261 2146 2456 2221 ampli-

415 2225 690 2279 andumve
724 2226 967 2281 admissa
1000 2235 1146 2296 sunt,
1180 2236 1245 2283 ut
1277 2245 1379 2283 nec
1416 2229 1616 2285 fratres
1652 2249 1687 2285 a
1723 2231 1978 2302 fratrum,
2013 2250 2117 2289 nec
2151 2235 2250 2288 filii
2286 2253 2321 2290 a
2352 2253 2452 2314 pa-

414 2323 647 2383 rentum,
697 2332 799 2370 nec
844 2324 1102 2391 parentes
1151 2335 1186 2372 a
1234 2318 1475 2373 filiorum
1522 2321 1791 2396 sanguine
1838 2323 2084 2380 nefarias
2133 2326 2452 2383 abstineant

413 2421 624 2459 manus.
651 2404 805 2459 Adeo
830 2423 1105 2481 nusquam
1128 2409 1321 2483 magis,
1348 2427 1623 2486 nusquam
1649 2413 1891 2469 atrocius
1917 2416 2159 2489 grassari
2186 2418 2327 2473 solet
2350 2418 2451 2473 hu-

414 2510 578 2548 mana
598 2495 894 2550 temeritas.
918 2497 992 2551 Et
1012 2499 1162 2571 quod
1181 2498 1370 2553 mirari
1389 2501 1585 2575 possis,
1607 2520 1718 2557 non
1740 2504 2019 2579 segniores
2041 2507 2114 2561 ad
2134 2507 2240 2562 hoc
2260 2509 2452 2566 videas

408 2583 619 2638 animos
657 2601 849 2638 senum
885 2602 1054 2660 quam
1089 2587 1367 2659 iuvenum,
1405 2591 1668 2646 orborum
1702 2611 1871 2669 quam
1907 2605 2222 2671 parentum,
2261 2617 2453 2675 regum

408 2689 575 2746 quam
600 2681 978 2747 tyrannorum.

482 2762 643 2830 Quod
690 2762 736 2817 si
783 2770 940 2819 tanto
988 2774 1191 2821 conatu
1238 2768 1355 2842 peti
1403 2770 1720 2827 dominatus
1771 2775 1928 2846 solet,
1978 2787 2191 2853 quanto
2241 2783 2452 2839 maiore

406 2867 626 2906 necesse
658 2860 743 2907 est
773 2859 1151 2910 conservetur!
1191 2858 1392 2933 Neque
1423 2860 1571 2914 enim
1604 2868 1894 2939 tantopere
1925 2867 2189 2923 miserum
2222 2880 2307 2928 est
2337 2891 2451 2929 non

406 2940 670 3014 ampliare
714 2941 1005 3016 imperium
1047 2962 1217 3020 quarn
1260 2946 1607 3019 imminuere;
1662 2969 1842 3029 neque
1889 2962 2007 3011 tam
2051 2959 2302 3017 deforme
2347 2963 2457 3019 tibi

404 3029 629 3085 alterius
642 3047 870 3105 regnum
889 3050 1001 3087 non
1022 3035 1283 3091 accedere
1304 3045 1401 3093 tuo
1422 3056 1592 3114 quam
1614 3048 1773 3097 tuum
1793 3046 2055 3102 accedere
2077 3049 2273 3107 alieno.
2296 3053 2449 3109 Nam

480 3336 498 3362 1
516 3335 707 3387 diesquffi
734 3338 916 3380 Hutten.
1295 3344 1314 3370 2
1330 3343 1596 3398 charissima;
1622 3349 1734 3401 MS„
1755 3363 1804 3394 so
1828 3352 2110 3405 throughout.

478 3404 497 3431 ⁸
514 3404 929 3459 detestantibusque3
959 3409 1140 3452 Hutten.
1293 3413 1313 3439 4
1329 3414 1516 3467 coelum;
1541 3417 1653 3469 MS„
1673 3431 1722 3462 so
1744 3420 2027 3473 throughout.
