2638 4198
418 211 475 246 12
819 192 966 242 THE
1000 190 1380 242 DONATION
1415 190 1506 241 OF
1542 187 2047 240 CONSTANTINE

413 307 484 361 In
517 323 582 361 eo
613 303 903 381 privilegio
923 303 1019 359 *ita
1051 302 1196 358 inter
1232 309 1418 357 cetera
1450 301 1673 376 legitur:
1721 299 1909 355 “Utile
1944 296 2311 353 iudicavimus
2346 310 2459 348 una

413 412 541 450 cum
569 394 826 449 omnibus
856 392 1096 468 satrapis
1126 391 1348 460 nostris,
1381 398 1436 446 et
1466 390 1726 445 universo
1756 395 1955 444 senatu
1986 385 2460 462 optimatibusque

413 484 567 552 meis,
593 483 761 538 etiarn
787 490 843 537 et
867 488 1068 536 cuncto
1092 481 1300 556 populo
1327 481 1615 534 Romanae
1640 477 1848 553 gloriae
1874 475 2105 552 imperio
2133 471 2459 541 subiacenti,

412 581 477 629 ut
505 573 649 628 sicut
679 573 743 627 B.
774 573 972 626 Petrus
1003 570 1061 624 in
1091 569 1252 625 terris
1281 568 1522 624 vicarius
1557 567 1683 621 Filii
1713 566 1823 621 Dei
1855 583 1975 621 esse
2005 564 2226 620 videtur
2257 561 2468 618 consti-

414 664 585 731 tutus,
625 661 705 716 ita
742 668 800 716 et
837 659 1153 727 PontificeS,
1191 658 1288 733 qui
1327 654 1501 733 ipsius
1537 655 1805 731 principis
1844 654 2224 730 apostolorum
2262 657 2462 727 gerunt

401 751 578 820 vices,
622 749 967 825 principatus
1011 755 1348 823 potestatem
1393 746 1632 821 amplius
1677 762 1847 821 quam
1893 751 2115 799 terrena
2160 739 2461 818 imperialis

413 848 634 895 nostrae
662 838 974 894 serenitatis
1000 837 1368 892 mansuetudo
1392 836 1600 890 habere
1625 834 1863 903 videtur,
1891 849 2215 888 concessam
2241 849 2276 886 a
2300 829 2461 885 nobis

413 937 713 1003 nostroque
764 927 994 1002 imperio
1043 926 1350 994 obtineant,
1401 925 1666 999 eligentes
1713 923 1875 978 nobis
1923 922 2108 998 ipsum
2152 920 2461 997 principem

412 1018 791 1093 apostolorum
813 1017 901 1071 vel
926 1016 1043 1071 eius
1068 1014 1306 1070 vicarios
1330 1015 1520 1068 firmos
1544 1014 1695 1088 apud
1720 1014 1907 1067 Deum
1932 1029 2052 1067 esse
2075 1018 2360 1087 patrono-S.
2388 1010 2461 1063 Et

413 1108 556 1162 sicut
603 1114 852 1161 nostram
898 1113 1176 1160 terrenam
1222 1103 1565 1178 imperialem
1610 1101 1938 1177 potentiam,
1988 1101 2069 1156 sic
2113 1100 2231 1156 eius
2279 1115 2461 1155 sacro-

415 1204 666 1251 sanctam
696 1197 1009 1250 Romanam
1039 1193 1327 1248 ecclesiam
1358 1192 1703 1247 decrevimus
1731 1198 2061 1246 veneranter
2091 1188 2370 1258 honorari,
2404 1195 2459 1243 et

412 1286 648 1361 amplius
691 1265 860 1360 quarn
903 1292 1155 1338 nostrum
1200 1282 1494 1358 imperium
1537 1289 1595 1337 et
1638 1289 1920 1336 terrenum
1967 1281 2231 1336 thronum
2274 1281 2461 1335 sedem

411 1375 843 1430 sacratissimam
872 1375 937 1427 B.
968 1372 1119 1427 Petri
1146 1372 1381 1447 gloriose
1411 1371 1660 1440 exaltari,
1690 1371 1999 1426 tribuentes
2028 1370 2078 1425 ei
2105 1377 2461 1446 potestatem,

411 1473 467 1520 et
502 1464 709 1539 gloriae
747 1463 1076 1538 dignitatem
1112 1470 1283 1536 atque
1319 1461 1584 1536 vigorem,
1626 1468 1683 1515 et
1718 1459 2202 1515 honorificentiam
2241 1458 2461 1535 imperi-

410 1555 569 1608 alem.
614 1553 801 1628 Atque
842 1553 1199 1607 decernentes
1243 1550 1540 1619 sancimuS,
1585 1557 1650 1605 ut
1690 1548 2070 1625 principatum
2111 1557 2302 1605 teneat
2345 1557 2462 1604 tam

409 1660 573 1718 super
592 1650 831 1717 quatuor
851 1641 1145 1716 precipuas
1167 1641 1342 1709 sedes,
1364 1639 1816 1708 Alexandrinam,
1839 1639 2225 1708 Antiocenam‚
2248 1640 2462 1694 Ieroso-

409 1732 735 1800 limitanam,
782 1730 1479 1805 Constantinopolitanam,
1526 1746 1696 1805 quam
1742 1729 1912 1784 etiam
1957 1746 2123 1804 super
2168 1746 2362 1783 omnes
2405 1728 2462 1782 in

409 1822 666 1876 universo
691 1821 824 1876 orbe
843 1829 1123 1876 'terrarum
1147 1819 1407 1875 ecclesias
1433 1819 1560 1888 Dei,
1585 1826 1642 1874 et
1666 1819 1943 1888 Pontifex,
1969 1818 2066 1894 qui
2087 1836 2190 1894 pro
2214 1826 2462 1893 tempore

409 1911 581 1986 ipsius
607 1918 993 1966 sacrosanctae
1019 1911 1306 1964 Romanae
1331 1909 1595 1964 ecclesiae
1620 1909 1880 1978 extiterit,
1906 1908 2102 1964 celsior
2127 1916 2183 1964 et
2204 1908 2463 1984 princeps

410 2001 623 2055 cunctis
658 2000 1039 2055 sacerdotibus
1075 1999 1246 2054 totius
1282 1999 1476 2054 mundi
1510 1998 1729 2068 existat,
1763 2006 1820 2053 et
1853 1998 1970 2054 eius
2005 1998 2212 2054 iudicio
2244 2015 2462 2074 queque

410 2092 483 2145 ad
521 2091 732 2145 cultum
772 2090 882 2145 Dei
922 2091 1010 2144 vel
1050 2089 1180 2144 fidei
1220 2088 1668 2144 Christianorum
1706 2088 2072 2144 stabilitatem
2110 2089 2462 2164 procuranda

414 2180 621 2235 fuerint
659 2179 1043 2255 disponantur.
1081 2181 1156 2233 Et
1195 2179 1373 2249 infra:
1426 2178 1473 2243 ξ.
1518 2196 1565 2233 1.
1607 2178 1871 2234 Ecclesiis
1909 2179 2204 2234 beatorum
2241 2187 2462 2254 aposto-

409 2271 588 2324 lorum
610 2270 761 2324 Petri
783 2278 839 2324 et
861 2269 1019 2324 Pauli
1039 2286 1141 2344 pro
1166 2268 1583 2323 continuatione
1606 2268 2028 2323 luminariorum
2049 2268 2464 2344 possessionum

409 2359 604 2435 predia
627 2359 979 2428 contulimus,
1007 2367 1063 2414 et
1089 2359 1253 2414 rebus
1282 2358 1514 2413 diversis
1542 2376 1636 2413 eas
1663 2358 1982 2428 ditavimuS,
2009 2366 2067 2414 et
2088 2376 2188 2434 per
2213 2366 2463 2414 nostram

411 2449 752 2524 imperialem
784 2448 1083 2504 iussionem
1116 2464 1334 2503 sacram
1367 2455 1485 2502 tam
1515 2448 1572 2501 in
1603 2448 1833 2518 oriente,
1864 2465 2036 2523 quam
2068 2448 2126 2502 in
2157 2448 2462 2518 occidente,

410 2539 498 2593 vel
539 2538 709 2593 etiam
747 2538 1167 2614 septentrionali
1205 2546 1263 2593 et
1299 2537 1608 2592 meridiana
1644 2538 1829 2613 plaga,
1869 2538 2130 2593 videlicet
2170 2538 2227 2592 in
2269 2539 2462 2609 Iudea,

413 2628 628 2697 Grecia,
654 2627 806 2697 Asia,
835 2627 1095 2697 Thracia,
1121 2627 1331 2682 Affrica
1358 2635 1415 2682 et
1439 2627 1624 2696 Italia,
1653 2628 1741 2682 vel
1768 2627 2002 2683 diversis
2029 2627 2242 2698 insulis,
2271 2636 2464 2684 nostra
2527 2634 2531 2636 ’

410 2718 667 2793 largitate
705 2717 755 2772 ei
792 2717 1182 2786 concessimus,
1221 2734 1288 2772 ea
1321 2734 1550 2793 prorsus
1588 2717 1821 2786 ratione,
1859 2725 1925 2773 ut
1958 2735 2057 2793 per
2094 2735 2294 2774 manus
2333 2719 2463 2774 bea-

410 2807 609 2863 tissimi
651 2807 829 2883 patris
873 2807 1050 2862 nostri
1095 2806 1344 2862 Silvestri
1391 2807 1593 2862 summi
1638 2806 1927 2862 Pontificis
1971 2823 2463 2884 successorumque

409 2897 527 2953 eius
567 2897 755 2952 omnia
793 2896 1177 2972 disponantur.
1217 2898 1293 2951 Et
1333 2897 1512 2966 infra:
1566 2896 1613 2962 ξ.
1659 2914 1709 2951 2.
1754 2897 1959 2952 Beatro
2002 2897 2268 2953 Silvestro
2307 2899 2462 2954 Patri

409 2994 617 3055 nostr0,
661 3004 877 3042 summo
922 2986 1180 3042 Pontifici
1225 2994 1282 3042 et
1323 2986 1653 3041 universalis
1697 2986 1853 3042 urbis
1899 2988 2115 3042 Romae
2156 2989 2361 3063 Papae,
2406 2997 2462 3045 et

407 3076 682 3146 omnibuS,
705 3076 823 3132 eius
843 3076 1254 3132 successoribus
1278 3075 1660 3145 PontificibuS,
1683 3076 1780 3152 qui
1799 3093 1976 3152 usque
1998 3076 2055 3131 in
2078 3077 2247 3132 finem
2268 3079 2462 3134 mundi

2630 549 2638 587 nn
2630 490 2638 541 dm<
2629 360 2638 478 ‘mr-m
2630 326 2638 346 :a
2632 271 2638 315 ...r-
2633 248 2638 261 -

2626 619 2638 732 «ιμ’-Δ».
2631 593 2638 609 rx

2634 1152 2638 1159 ,
2633 1046 2638 1082 ....
2626 738 2638 1019 1.-.h.2·.-'.„2„.2—a—ae§.
