<?xml version="1.0" encoding="UTF-8"?>
<!DOCTYPE html PUBLIC "-//W3C//DTD XHTML 1.0 Transitional//EN"
    "http://www.w3.org/TR/xhtml1/DTD/xhtml1-transitional.dtd">
<html xmlns="http://www.w3.org/1999/xhtml" xml:lang="en" lang="en">
 <head>
  <title>
</title>
<meta http-equiv="Content-Type" content="text/html;charset=utf-8" />
  <meta name='ocr-system' content='tesseract 3.04.00' />
  <meta name='ocr-capabilities' content='ocr_page ocr_carea ocr_par ocr_line ocrx_word'/>
</head>
<body>
  <div class='ocr_page' id='page_1' title='image "./treatiseoflorenz00valluoft_0028.png"; bbox 0 0 2638 4198; ppageno 0'>
   <div class='ocr_carea' id='block_1_1' title="bbox 386 175 2070 272">
    <p class='ocr_par' dir='ltr' id='par_1_1' title="bbox 386 175 2070 272">
     <span class='ocr_line' id='line_1_1' title="bbox 386 175 2070 272; baseline -0.001 -11"><span class='ocrx_word' id='word_1_1' title='bbox 386 270 388 272; x_wconf 4' lang='grc' dir='ltr'>μ</span> <span class='ocrx_word' id='word_1_2' title='bbox 438 213 500 261; x_wconf 81' lang='lat'>1⁶</span> <span class='ocrx_word' id='word_1_3' title='bbox 840 209 988 258; x_wconf 89' lang='lat' dir='ltr'>THE</span> <span class='ocrx_word' id='word_1_4' title='bbox 1021 175 1402 260; x_wconf 77' lang='lat' dir='ltr'>DoNArloN</span> <span class='ocrx_word' id='word_1_5' title='bbox 1436 209 1527 260; x_wconf 89' lang='lat' dir='ltr'>OF</span> <span class='ocrx_word' id='word_1_6' title='bbox 1563 208 2070 260; x_wconf 87' lang='lat' dir='ltr'>CONSTANTINE</span> 
     </span>
    </p>
   </div>
   <div class='ocr_carea' id='block_1_2' title="bbox 423 318 2484 3086">
    <p class='ocr_par' dir='ltr' id='par_1_2' title="bbox 423 318 2484 3086">
     <span class='ocr_line' id='line_1_2' title="bbox 432 318 2481 396; baseline -0.003 -21"><span class='ocrx_word' id='word_1_7' title='bbox 432 321 691 376; x_wconf 90' lang='lat' dir='ltr'>videlicet</span> <span class='ocrx_word' id='word_1_8' title='bbox 722 337 944 390; x_wconf 91' lang='lat' dir='ltr'>corona,</span> <span class='ocrx_word' id='word_1_9' title='bbox 975 337 1147 396; x_wconf 92' lang='lat' dir='ltr'>quam</span> <span class='ocrx_word' id='word_1_10' title='bbox 1178 338 1245 376; x_wconf 89' lang='lat' dir='ltr'>ex</span> <span class='ocrx_word' id='word_1_11' title='bbox 1275 320 1459 396; x_wconf 88' lang='lat' dir='ltr'>capite</span> <span class='ocrx_word' id='word_1_12' title='bbox 1488 328 1680 376; x_wconf 91' lang='lat' dir='ltr'>nostro</span> <span class='ocrx_word' id='word_1_13' title='bbox 1711 320 1791 374; x_wconf 93' lang='lat' dir='ltr'>illi</span> <span class='ocrx_word' id='word_1_14' title='bbox 1821 318 2211 386; x_wconf 88' lang='lat' dir='ltr'>concessimus,</span> <span class='ocrx_word' id='word_1_15' title='bbox 2246 334 2313 372; x_wconf 91' lang='lat' dir='ltr'>ex</span> <span class='ocrx_word' id='word_1_16' title='bbox 2345 331 2481 371; x_wconf 91' lang='lat' dir='ltr'>auro</span> 
     </span>
     <span class='ocr_line' id='line_1_3' title="bbox 431 405 2482 485; baseline -0.003 -21"><span class='ocrx_word' id='word_1_17' title='bbox 431 410 728 485; x_wconf 90' lang='lat' dir='ltr'>purissimo</span> <span class='ocrx_word' id='word_1_18' title='bbox 755 418 811 465; x_wconf 90' lang='lat' dir='ltr'>et</span> <span class='ocrx_word' id='word_1_19' title='bbox 836 410 1067 485; x_wconf 86' lang='lat' dir='ltr'>gemmis</span> <span class='ocrx_word' id='word_1_20' title='bbox 1092 409 1352 485; x_wconf 85' lang='lat' dir='ltr'>pretiosis</span> <span class='ocrx_word' id='word_1_21' title='bbox 1379 409 1463 465; x_wconf 91' lang='lat' dir='ltr'>uti</span> <span class='ocrx_word' id='word_1_22' title='bbox 1490 409 1748 479; x_wconf 90' lang='lat' dir='ltr'>debeant,</span> <span class='ocrx_word' id='word_1_23' title='bbox 1777 417 1834 464; x_wconf 89' lang='lat' dir='ltr'>et</span> <span class='ocrx_word' id='word_1_24' title='bbox 1861 409 1919 463; x_wconf 91' lang='lat' dir='ltr'>in</span> <span class='ocrx_word' id='word_1_25' title='bbox 1947 408 2131 484; x_wconf 90' lang='lat' dir='ltr'>capite</span> <span class='ocrx_word' id='word_1_26' title='bbox 2158 407 2231 462; x_wconf 92' lang='lat' dir='ltr'>ad</span> <span class='ocrx_word' id='word_1_27' title='bbox 2259 405 2482 461; x_wconf 90' lang='lat' dir='ltr'>laudem</span> 
     </span>
     <span class='ocr_line' id='line_1_4' title="bbox 433 493 2483 574; baseline -0.003 -21"><span class='ocrx_word' id='word_1_28' title='bbox 433 499 542 554; x_wconf 90' lang='lat' dir='ltr'>Dei</span> <span class='ocrx_word' id='word_1_29' title='bbox 566 516 669 574; x_wconf 91' lang='lat' dir='ltr'>pro</span> <span class='ocrx_word' id='word_1_30' title='bbox 693 499 902 554; x_wconf 88' lang='lat' dir='ltr'>honore</span> <span class='ocrx_word' id='word_1_31' title='bbox 930 500 995 554; x_wconf 92' lang='lat' dir='ltr'>B.</span> <span class='ocrx_word' id='word_1_32' title='bbox 1021 498 1173 554; x_wconf 90' lang='lat' dir='ltr'>Petri</span> <span class='ocrx_word' id='word_1_33' title='bbox 1195 506 1430 574; x_wconf 89' lang='lat' dir='ltr'>gestare.</span> <span class='ocrx_word' id='word_1_34' title='bbox 1456 500 1587 574; x_wconf 91' lang='lat' dir='ltr'>Ipse</span> <span class='ocrx_word' id='word_1_35' title='bbox 1610 516 1744 553; x_wconf 90' lang='lat' dir='ltr'>vero</span> <span class='ocrx_word' id='word_1_36' title='bbox 1768 497 2124 554; x_wconf 90' lang='lat' dir='ltr'>beatissimus</span> <span class='ocrx_word' id='word_1_37' title='bbox 2150 498 2322 572; x_wconf 90' lang='lat' dir='ltr'>Papa,</span> <span class='ocrx_word' id='word_1_38' title='bbox 2350 493 2483 569; x_wconf 91' lang='lat' dir='ltr'>quia</span> 
     </span>
     <span class='ocr_line' id='line_1_5' title="bbox 433 584 2483 663; baseline -0.002 -20"><span class='ocrx_word' id='word_1_39' title='bbox 433 605 599 663; x_wconf 89' lang='lat' dir='ltr'>super</span> <span class='ocrx_word' id='word_1_40' title='bbox 625 605 887 643; x_wconf 91' lang='lat' dir='ltr'>coronam</span> <span class='ocrx_word' id='word_1_41' title='bbox 911 588 1221 656; x_wconf 82' lang='lat' dir='ltr'>clericatuS,</span> <span class='ocrx_word' id='word_1_42' title='bbox 1247 605 1417 663; x_wconf 92' lang='lat' dir='ltr'>quam</span> <span class='ocrx_word' id='word_1_43' title='bbox 1441 587 1584 663; x_wconf 92' lang='lat' dir='ltr'>gerit</span> <span class='ocrx_word' id='word_1_44' title='bbox 1607 588 1679 643; x_wconf 92' lang='lat' dir='ltr'>ad</span> <span class='ocrx_word' id='word_1_45' title='bbox 1705 587 1939 662; x_wconf 87' lang='lat' dir='ltr'>gloriam</span> <span class='ocrx_word' id='word_1_46' title='bbox 1965 588 2031 641; x_wconf 92' lang='lat' dir='ltr'>B.</span> <span class='ocrx_word' id='word_1_47' title='bbox 2061 586 2229 655; x_wconf 93' lang='lat' dir='ltr'>Petri,</span> <span class='ocrx_word' id='word_1_48' title='bbox 2257 584 2483 640; x_wconf 91' lang='lat' dir='ltr'>omnino</span> 
     </span>
     <span class='ocr_line' id='line_1_6' title="bbox 433 674 2483 752; baseline -0.001 -22"><span class='ocrx_word' id='word_1_49' title='bbox 433 677 556 752; x_wconf 90' lang='lat' dir='ltr'>ipsa</span> <span class='ocrx_word' id='word_1_50' title='bbox 580 695 646 733; x_wconf 86' lang='lat' dir='ltr'>ex</span> <span class='ocrx_word' id='word_1_51' title='bbox 672 695 807 732; x_wconf 92' lang='lat' dir='ltr'>auro</span> <span class='ocrx_word' id='word_1_52' title='bbox 831 695 944 732; x_wconf 92' lang='lat' dir='ltr'>non</span> <span class='ocrx_word' id='word_1_53' title='bbox 968 685 1053 732; x_wconf 90' lang='lat' dir='ltr'>est</span> <span class='ocrx_word' id='word_1_54' title='bbox 1075 694 1275 752; x_wconf 91' lang='lat' dir='ltr'>passus</span> <span class='ocrx_word' id='word_1_55' title='bbox 1298 677 1383 732; x_wconf 91' lang='lat' dir='ltr'>uti</span> <span class='ocrx_word' id='word_1_56' title='bbox 1409 693 1631 746; x_wconf 90' lang='lat' dir='ltr'>corona,</span> <span class='ocrx_word' id='word_1_57' title='bbox 1656 694 1758 732; x_wconf 89' lang='lat' dir='ltr'>nos</span> <span class='ocrx_word' id='word_1_58' title='bbox 1786 676 2013 751; x_wconf 83' lang='lat' dir='ltr'>frigium</span> <span class='ocrx_word' id='word_1_59' title='bbox 2039 675 2278 731; x_wconf 92' lang='lat' dir='ltr'>candido</span> <span class='ocrx_word' id='word_1_60' title='bbox 2303 674 2483 728; x_wconf 91' lang='lat' dir='ltr'>nitore</span> 
     </span>
     <span class='ocr_line' id='line_1_7' title="bbox 433 765 2483 842; baseline -0.003 -20"><span class='ocrx_word' id='word_1_61' title='bbox 433 767 800 842; x_wconf 87' lang='lat' dir='ltr'>splendidum,</span> <span class='ocrx_word' id='word_1_62' title='bbox 856 766 1315 821; x_wconf 86' lang='lat' dir='ltr'>resurrectionem</span> <span class='ocrx_word' id='word_1_63' title='bbox 1368 766 1705 821; x_wconf 88' lang='lat' dir='ltr'>dominicam</span> <span class='ocrx_word' id='word_1_64' title='bbox 1758 765 2072 841; x_wconf 83' lang='lat' dir='ltr'>designanS,</span> <span class='ocrx_word' id='word_1_65' title='bbox 2127 765 2247 820; x_wconf 90' lang='lat' dir='ltr'>eius</span> <span class='ocrx_word' id='word_1_66' title='bbox 2300 779 2483 819; x_wconf 90' lang='lat' dir='ltr'>sacra-</span> 
     </span>
     <span class='ocr_line' id='line_1_8' title="bbox 433 854 2483 930; baseline -0.003 -19"><span class='ocrx_word' id='word_1_67' title='bbox 433 856 646 911; x_wconf 90' lang='lat' dir='ltr'>tissimo</span> <span class='ocrx_word' id='word_1_68' title='bbox 685 856 879 910; x_wconf 91' lang='lat' dir='ltr'>vertici</span> <span class='ocrx_word' id='word_1_69' title='bbox 918 856 1176 911; x_wconf 90' lang='lat' dir='ltr'>manibus</span> <span class='ocrx_word' id='word_1_70' title='bbox 1212 855 1419 910; x_wconf 91' lang='lat' dir='ltr'>nostris</span> <span class='ocrx_word' id='word_1_71' title='bbox 1455 855 1837 930; x_wconf 89' lang='lat' dir='ltr'>imposuimus,</span> <span class='ocrx_word' id='word_1_72' title='bbox 1876 863 1933 910; x_wconf 92' lang='lat' dir='ltr'>et</span> <span class='ocrx_word' id='word_1_73' title='bbox 1969 862 2222 909; x_wconf 89' lang='lat' dir='ltr'>tenentes</span> <span class='ocrx_word' id='word_1_74' title='bbox 2263 854 2483 908; x_wconf 85' lang='lat' dir='ltr'>frenum</span> 
     </span>
     <span class='ocr_line' id='line_1_9' title="bbox 436 941 2483 1020; baseline -0.002 -21"><span class='ocrx_word' id='word_1_75' title='bbox 436 945 563 1020; x_wconf 90' lang='lat' dir='ltr'>equi</span> <span class='ocrx_word' id='word_1_76' title='bbox 598 945 771 1020; x_wconf 92' lang='lat' dir='ltr'>ipsius</span> <span class='ocrx_word' id='word_1_77' title='bbox 803 962 905 1020; x_wconf 92' lang='lat' dir='ltr'>pro</span> <span class='ocrx_word' id='word_1_78' title='bbox 939 944 1250 1000; x_wconf 90' lang='lat' dir='ltr'>reverentia</span> <span class='ocrx_word' id='word_1_79' title='bbox 1283 946 1348 999; x_wconf 90' lang='lat' dir='ltr'>B.</span> <span class='ocrx_word' id='word_1_80' title='bbox 1383 945 1535 999; x_wconf 90' lang='lat' dir='ltr'>Petri</span> <span class='ocrx_word' id='word_1_81' title='bbox 1569 944 1823 999; x_wconf 90' lang='lat' dir='ltr'>stratoris</span> <span class='ocrx_word' id='word_1_82' title='bbox 1856 943 2091 999; x_wconf 84' lang='lat' dir='ltr'>offitium</span> <span class='ocrx_word' id='word_1_83' title='bbox 2123 944 2204 997; x_wconf 92' lang='lat' dir='ltr'>illi</span> <span class='ocrx_word' id='word_1_84' title='bbox 2236 941 2483 998; x_wconf 85' lang='lat' dir='ltr'>exhibui-</span> 
     </span>
     <span class='ocr_line' id='line_1_10' title="bbox 430 1032 2484 1108; baseline -0.001 -21"><span class='ocrx_word' id='word_1_85' title='bbox 430 1052 571 1103; x_wconf 83' lang='lat' dir='ltr'>muS,</span> <span class='ocrx_word' id='word_1_86' title='bbox 605 1042 913 1090; x_wconf 85' lang='lat' dir='ltr'>statuentes</span> <span class='ocrx_word' id='word_1_87' title='bbox 948 1035 1144 1089; x_wconf 92' lang='lat' dir='ltr'>eodem</span> <span class='ocrx_word' id='word_1_88' title='bbox 1176 1034 1342 1108; x_wconf 84' lang='lat' dir='ltr'>frigio</span> <span class='ocrx_word' id='word_1_89' title='bbox 1373 1051 1565 1088; x_wconf 90' lang='lat' dir='ltr'>omnes</span> <span class='ocrx_word' id='word_1_90' title='bbox 1599 1033 1717 1088; x_wconf 90' lang='lat' dir='ltr'>eius</span> <span class='ocrx_word' id='word_1_91' title='bbox 1751 1049 2097 1088; x_wconf 89' lang='lat' dir='ltr'>successores</span> <span class='ocrx_word' id='word_1_92' title='bbox 2132 1032 2484 1108; x_wconf 85' lang='lat' dir='ltr'>singulariter</span> 
     </span>
     <span class='ocr_line' id='line_1_11' title="bbox 430 1123 2484 1198; baseline -0.001 -20"><span class='ocrx_word' id='word_1_93' title='bbox 430 1124 513 1179; x_wconf 91' lang='lat' dir='ltr'>uti</span> <span class='ocrx_word' id='word_1_94' title='bbox 539 1124 596 1178; x_wconf 93' lang='lat' dir='ltr'>in</span> <span class='ocrx_word' id='word_1_95' title='bbox 623 1124 1069 1198; x_wconf 88' lang='lat' dir='ltr'>processionibus</span> <span class='ocrx_word' id='word_1_96' title='bbox 1097 1125 1169 1179; x_wconf 92' lang='lat' dir='ltr'>ad</span> <span class='ocrx_word' id='word_1_97' title='bbox 1197 1123 1566 1178; x_wconf 92' lang='lat' dir='ltr'>imitationem</span> <span class='ocrx_word' id='word_1_98' title='bbox 1595 1123 1812 1198; x_wconf 90' lang='lat' dir='ltr'>imperii</span> <span class='ocrx_word' id='word_1_99' title='bbox 1840 1123 2033 1178; x_wconf 90' lang='lat' dir='ltr'>nostri.</span> <span class='ocrx_word' id='word_1_100' title='bbox 2070 1123 2116 1188; x_wconf 69' lang='grc' dir='ltr'>ἓ.</span> <span class='ocrx_word' id='word_1_101' title='bbox 2150 1127 2200 1179; x_wconf 89' lang='lat'>6.</span> <span class='ocrx_word' id='word_1_102' title='bbox 2229 1123 2394 1178; x_wconf 88' lang='lat' dir='ltr'>Unde</span> <span class='ocrx_word' id='word_1_103' title='bbox 2421 1129 2484 1176; x_wconf 93' lang='lat' dir='ltr'>ut</span> 
     </span>
     <span class='ocr_line' id='line_1_12' title="bbox 430 1210 2484 1288; baseline -0.002 -20"><span class='ocrx_word' id='word_1_104' title='bbox 430 1214 765 1288; x_wconf 89' lang='lat' dir='ltr'>pontificalis</span> <span class='ocrx_word' id='word_1_105' title='bbox 808 1231 948 1288; x_wconf 88' lang='lat' dir='ltr'>apex</span> <span class='ocrx_word' id='word_1_106' title='bbox 992 1231 1105 1268; x_wconf 91' lang='lat' dir='ltr'>non</span> <span class='ocrx_word' id='word_1_107' title='bbox 1147 1213 1395 1282; x_wconf 83' lang='lat' dir='ltr'>vilescat,</span> <span class='ocrx_word' id='word_1_108' title='bbox 1441 1214 1539 1267; x_wconf 90' lang='lat' dir='ltr'>sed</span> <span class='ocrx_word' id='word_1_109' title='bbox 1582 1213 1759 1288; x_wconf 91' lang='lat' dir='ltr'>magis</span> <span class='ocrx_word' id='word_1_110' title='bbox 1802 1230 1973 1288; x_wconf 92' lang='lat' dir='ltr'>quam</span> <span class='ocrx_word' id='word_1_111' title='bbox 2017 1213 2223 1268; x_wconf 90' lang='lat' dir='ltr'>terreni</span> <span class='ocrx_word' id='word_1_112' title='bbox 2267 1210 2484 1288; x_wconf 92' lang='lat' dir='ltr'>imperii</span> 
     </span>
     <span class='ocr_line' id='line_1_13' title="bbox 431 1303 2482 1378; baseline -0.001 -20"><span class='ocrx_word' id='word_1_113' title='bbox 431 1303 672 1378; x_wconf 85' lang='lat' dir='ltr'>dignitas</span> <span class='ocrx_word' id='word_1_114' title='bbox 699 1304 874 1378; x_wconf 90' lang='lat' dir='ltr'>gloria</span> <span class='ocrx_word' id='word_1_115' title='bbox 903 1310 960 1358; x_wconf 90' lang='lat' dir='ltr'>et</span> <span class='ocrx_word' id='word_1_116' title='bbox 985 1303 1239 1377; x_wconf 90' lang='lat' dir='ltr'>potentia</span> <span class='ocrx_word' id='word_1_117' title='bbox 1267 1304 1575 1371; x_wconf 88' lang='lat' dir='ltr'>decoretur,</span> <span class='ocrx_word' id='word_1_118' title='bbox 1608 1319 1734 1357; x_wconf 89' lang='lat' dir='ltr'>ecce</span> <span class='ocrx_word' id='word_1_119' title='bbox 1765 1311 1881 1357; x_wconf 91' lang='lat' dir='ltr'>tam</span> <span class='ocrx_word' id='word_1_120' title='bbox 1909 1303 2183 1378; x_wconf 92' lang='lat' dir='ltr'>palatium</span> <span class='ocrx_word' id='word_1_121' title='bbox 2212 1311 2482 1371; x_wconf 84' lang='lat' dir='ltr'>nostrum,</span> 
     </span>
     <span class='ocr_line' id='line_1_14' title="bbox 430 1392 2484 1467; baseline 0 -21"><span class='ocrx_word' id='word_1_122' title='bbox 430 1400 494 1447; x_wconf 93' lang='lat' dir='ltr'>ut</span> <span class='ocrx_word' id='word_1_123' title='bbox 528 1392 841 1467; x_wconf 91' lang='lat' dir='ltr'>predictum</span> <span class='ocrx_word' id='word_1_124' title='bbox 877 1400 977 1463; x_wconf 91' lang='lat' dir='ltr'>est,</span> <span class='ocrx_word' id='word_1_125' title='bbox 1015 1410 1185 1467; x_wconf 91' lang='lat' dir='ltr'>quam</span> <span class='ocrx_word' id='word_1_126' title='bbox 1222 1393 1537 1447; x_wconf 90' lang='lat' dir='ltr'>Romanam</span> <span class='ocrx_word' id='word_1_127' title='bbox 1572 1393 1786 1461; x_wconf 91' lang='lat' dir='ltr'>urbem,</span> <span class='ocrx_word' id='word_1_128' title='bbox 1826 1400 1881 1447; x_wconf 90' lang='lat' dir='ltr'>et</span> <span class='ocrx_word' id='word_1_129' title='bbox 1917 1409 2110 1447; x_wconf 91' lang='lat' dir='ltr'>omnes</span> <span class='ocrx_word' id='word_1_130' title='bbox 2149 1393 2348 1447; x_wconf 89' lang='lat' dir='ltr'>Italiae</span> <span class='ocrx_word' id='word_1_131' title='bbox 2387 1408 2484 1447; x_wconf 92' lang='lat' dir='ltr'>seu</span> 
     </span>
     <span class='ocr_line' id='line_1_15' title="bbox 430 1482 2484 1558; baseline 0 -22"><span class='ocrx_word' id='word_1_132' title='bbox 430 1482 856 1536; x_wconf 91' lang='lat' dir='ltr'>occidentalium</span> <span class='ocrx_word' id='word_1_133' title='bbox 887 1482 1174 1556; x_wconf 90' lang='lat' dir='ltr'>regionum</span> <span class='ocrx_word' id='word_1_134' title='bbox 1205 1482 1539 1557; x_wconf 90' lang='lat' dir='ltr'>provincias,</span> <span class='ocrx_word' id='word_1_135' title='bbox 1572 1482 1695 1536; x_wconf 90' lang='lat' dir='ltr'>loca</span> <span class='ocrx_word' id='word_1_136' title='bbox 1726 1489 1782 1536; x_wconf 93' lang='lat' dir='ltr'>et</span> <span class='ocrx_word' id='word_1_137' title='bbox 1813 1482 2069 1537; x_wconf 89' lang='lat' dir='ltr'>civitates</span> <span class='ocrx_word' id='word_1_138' title='bbox 2099 1483 2323 1558; x_wconf 87' lang='lat' dir='ltr'>prefato</span> <span class='ocrx_word' id='word_1_139' title='bbox 2355 1482 2484 1537; x_wconf 91' lang='lat' dir='ltr'>bea-</span> 
     </span>
     <span class='ocr_line' id='line_1_16' title="bbox 430 1571 2483 1647; baseline 0 -21"><span class='ocrx_word' id='word_1_140' title='bbox 430 1572 643 1627; x_wconf 90' lang='lat' dir='ltr'>tissimo</span> <span class='ocrx_word' id='word_1_141' title='bbox 688 1571 946 1626; x_wconf 89' lang='lat' dir='ltr'>Pontifici</span> <span class='ocrx_word' id='word_1_142' title='bbox 987 1579 1178 1626; x_wconf 92' lang='lat' dir='ltr'>nostro</span> <span class='ocrx_word' id='word_1_143' title='bbox 1223 1572 1488 1627; x_wconf 90' lang='lat' dir='ltr'>Silvestro</span> <span class='ocrx_word' id='word_1_144' title='bbox 1527 1572 1829 1627; x_wconf 91' lang='lat' dir='ltr'>universali</span> <span class='ocrx_word' id='word_1_145' title='bbox 1873 1573 2061 1647; x_wconf 88' lang='lat' dir='ltr'>Papae</span> <span class='ocrx_word' id='word_1_146' title='bbox 2103 1572 2483 1627; x_wconf 87' lang='lat' dir='ltr'>contradimus</span> 
     </span>
     <span class='ocr_line' id='line_1_17' title="bbox 431 1661 2484 1738; baseline 0.001 -24"><span class='ocrx_word' id='word_1_147' title='bbox 431 1669 599 1735; x_wconf 91' lang='lat' dir='ltr'>atque</span> <span class='ocrx_word' id='word_1_148' title='bbox 642 1661 1021 1736; x_wconf 86' lang='lat' dir='ltr'>relinquimus,</span> <span class='ocrx_word' id='word_1_149' title='bbox 1067 1670 1123 1716; x_wconf 88' lang='lat' dir='ltr'>et</span> <span class='ocrx_word' id='word_1_150' title='bbox 1167 1662 1240 1716; x_wconf 91' lang='lat' dir='ltr'>ab</span> <span class='ocrx_word' id='word_1_151' title='bbox 1284 1679 1350 1716; x_wconf 90' lang='lat' dir='ltr'>eo</span> <span class='ocrx_word' id='word_1_152' title='bbox 1395 1670 1452 1716; x_wconf 89' lang='lat' dir='ltr'>et</span> <span class='ocrx_word' id='word_1_153' title='bbox 1497 1679 1531 1716; x_wconf 89' lang='lat' dir='ltr'>a</span> <span class='ocrx_word' id='word_1_154' title='bbox 1575 1662 1988 1717; x_wconf 91' lang='lat' dir='ltr'>successoribus</span> <span class='ocrx_word' id='word_1_155' title='bbox 2033 1662 2153 1718; x_wconf 92' lang='lat' dir='ltr'>eius</span> <span class='ocrx_word' id='word_1_156' title='bbox 2194 1680 2294 1738; x_wconf 90' lang='lat' dir='ltr'>per</span> <span class='ocrx_word' id='word_1_157' title='bbox 2338 1662 2484 1716; x_wconf 92' lang='lat' dir='ltr'>hanc</span> 
     </span>
     <span class='ocr_line' id='line_1_18' title="bbox 429 1750 2484 1826; baseline 0 -21"><span class='ocrx_word' id='word_1_158' title='bbox 429 1750 669 1805; x_wconf 89' lang='lat' dir='ltr'>divalem</span> <span class='ocrx_word' id='word_1_159' title='bbox 714 1759 962 1806; x_wconf 89' lang='lat' dir='ltr'>nostram</span> <span class='ocrx_word' id='word_1_160' title='bbox 1009 1759 1065 1806; x_wconf 93' lang='lat' dir='ltr'>et</span> <span class='ocrx_word' id='word_1_161' title='bbox 1107 1751 1517 1826; x_wconf 89' lang='lat' dir='ltr'>pragmaticum</span> <span class='ocrx_word' id='word_1_162' title='bbox 1562 1752 1931 1807; x_wconf 91' lang='lat' dir='ltr'>constitutum</span> <span class='ocrx_word' id='word_1_163' title='bbox 1980 1752 2327 1807; x_wconf 89' lang='lat' dir='ltr'>decernimus</span> <span class='ocrx_word' id='word_1_164' title='bbox 2375 1752 2484 1807; x_wconf 90' lang='lat' dir='ltr'>dis-</span> 
     </span>
     <span class='ocr_line' id='line_1_19' title="bbox 426 1841 2483 1918; baseline 0 -24"><span class='ocrx_word' id='word_1_165' title='bbox 426 1842 701 1915; x_wconf 90' lang='lat' dir='ltr'>ponenda,</span> <span class='ocrx_word' id='word_1_166' title='bbox 738 1848 906 1915; x_wconf 91' lang='lat' dir='ltr'>atque</span> <span class='ocrx_word' id='word_1_167' title='bbox 941 1841 1047 1895; x_wconf 93' lang='lat' dir='ltr'>iuri</span> <span class='ocrx_word' id='word_1_168' title='bbox 1082 1849 1309 1896; x_wconf 90' lang='lat' dir='ltr'>sanctae</span> <span class='ocrx_word' id='word_1_169' title='bbox 1345 1842 1634 1896; x_wconf 89' lang='lat' dir='ltr'>Romanae</span> <span class='ocrx_word' id='word_1_170' title='bbox 1671 1842 1936 1897; x_wconf 90' lang='lat' dir='ltr'>ecclesiae</span> <span class='ocrx_word' id='word_1_171' title='bbox 1970 1842 2325 1897; x_wconf 91' lang='lat' dir='ltr'>concedimus</span> <span class='ocrx_word' id='word_1_172' title='bbox 2359 1860 2483 1918; x_wconf 87' lang='lat' dir='ltr'>per-</span> 
     </span>
     <span class='ocr_line' id='line_1_20' title="bbox 427 1928 2484 2008; baseline 0.002 -25"><span class='ocrx_word' id='word_1_173' title='bbox 427 1948 706 1985; x_wconf 89' lang='lat' dir='ltr'>mansura.</span> <span class='ocrx_word' id='word_1_174' title='bbox 739 1930 785 1995; x_wconf 65' lang='grc' dir='ltr'>ξ.</span> <span class='ocrx_word' id='word_1_175' title='bbox 816 1946 864 1999; x_wconf 89' lang='lat'>7.</span> <span class='ocrx_word' id='word_1_176' title='bbox 892 1932 1057 1986; x_wconf 91' lang='lat' dir='ltr'>Unde</span> <span class='ocrx_word' id='word_1_177' title='bbox 1082 1947 1389 2006; x_wconf 92' lang='lat' dir='ltr'>congruum</span> <span class='ocrx_word' id='word_1_178' title='bbox 1414 1932 1797 2006; x_wconf 88' lang='lat' dir='ltr'>perspeximus</span> <span class='ocrx_word' id='word_1_179' title='bbox 1824 1940 2078 1987; x_wconf 88' lang='lat' dir='ltr'>nostrum</span> <span class='ocrx_word' id='word_1_180' title='bbox 2105 1928 2400 2008; x_wconf 81' lang='lat' dir='ltr'>imperium</span> <span class='ocrx_word' id='word_1_181' title='bbox 2428 1939 2484 1987; x_wconf 92' lang='lat' dir='ltr'>et</span> 
     </span>
     <span class='ocr_line' id='line_1_21' title="bbox 427 2020 2483 2097; baseline 0.001 -24"><span class='ocrx_word' id='word_1_182' title='bbox 427 2020 580 2095; x_wconf 89' lang='lat' dir='ltr'>regni</span> <span class='ocrx_word' id='word_1_183' title='bbox 603 2028 939 2095; x_wconf 90' lang='lat' dir='ltr'>potestatem</span> <span class='ocrx_word' id='word_1_184' title='bbox 966 2021 1023 2075; x_wconf 93' lang='lat' dir='ltr'>in</span> <span class='ocrx_word' id='word_1_185' title='bbox 1048 2021 1411 2077; x_wconf 88' lang='lat' dir='ltr'>orientalibus</span> <span class='ocrx_word' id='word_1_186' title='bbox 1437 2022 1730 2077; x_wconf 85' lang='lat' dir='ltr'>transferri</span> <span class='ocrx_word' id='word_1_187' title='bbox 1756 2022 2092 2097; x_wconf 90' lang='lat' dir='ltr'>regionibus,</span> <span class='ocrx_word' id='word_1_188' title='bbox 2118 2030 2175 2078; x_wconf 92' lang='lat' dir='ltr'>et</span> <span class='ocrx_word' id='word_1_189' title='bbox 2199 2023 2256 2077; x_wconf 92' lang='lat' dir='ltr'>in</span> <span class='ocrx_word' id='word_1_190' title='bbox 2283 2023 2483 2077; x_wconf 90' lang='lat' dir='ltr'>Bizan-</span> 
     </span>
     <span class='ocr_line' id='line_1_22' title="bbox 427 2110 2483 2186; baseline 0.002 -22"><span class='ocrx_word' id='word_1_191' title='bbox 427 2110 538 2164; x_wconf 87' lang='lat' dir='ltr'>tiae</span> <span class='ocrx_word' id='word_1_192' title='bbox 572 2110 892 2185; x_wconf 89' lang='lat' dir='ltr'>provinciae</span> <span class='ocrx_word' id='word_1_193' title='bbox 926 2111 1137 2186; x_wconf 92' lang='lat' dir='ltr'>optimo</span> <span class='ocrx_word' id='word_1_194' title='bbox 1172 2112 1294 2166; x_wconf 91' lang='lat' dir='ltr'>loco</span> <span class='ocrx_word' id='word_1_195' title='bbox 1329 2112 1540 2166; x_wconf 93' lang='lat' dir='ltr'>nomini</span> <span class='ocrx_word' id='word_1_196' title='bbox 1576 2120 1767 2167; x_wconf 89' lang='lat' dir='ltr'>nostro</span> <span class='ocrx_word' id='word_1_197' title='bbox 1803 2112 2090 2167; x_wconf 88' lang='lat' dir='ltr'>civitatem</span> <span class='ocrx_word' id='word_1_198' title='bbox 2124 2112 2388 2182; x_wconf 90' lang='lat' dir='ltr'>edificari,</span> <span class='ocrx_word' id='word_1_199' title='bbox 2427 2120 2483 2168; x_wconf 93' lang='lat' dir='ltr'>et</span> 
     </span>
     <span class='ocr_line' id='line_1_23' title="bbox 427 2200 2482 2278; baseline 0.001 -25"><span class='ocrx_word' id='word_1_200' title='bbox 427 2207 678 2254; x_wconf 87' lang='lat' dir='ltr'>nostrum</span> <span class='ocrx_word' id='word_1_201' title='bbox 709 2200 821 2254; x_wconf 90' lang='lat' dir='ltr'>illic</span> <span class='ocrx_word' id='word_1_202' title='bbox 852 2201 1116 2255; x_wconf 90' lang='lat' dir='ltr'>constitui</span> <span class='ocrx_word' id='word_1_203' title='bbox 1148 2201 1459 2277; x_wconf 90' lang='lat' dir='ltr'>imperium,</span> <span class='ocrx_word' id='word_1_204' title='bbox 1493 2202 1759 2277; x_wconf 92' lang='lat' dir='ltr'>quoniam</span> <span class='ocrx_word' id='word_1_205' title='bbox 1791 2202 1888 2257; x_wconf 91' lang='lat' dir='ltr'>ubi</span> <span class='ocrx_word' id='word_1_206' title='bbox 1920 2202 2268 2278; x_wconf 89' lang='lat' dir='ltr'>principatus</span> <span class='ocrx_word' id='word_1_207' title='bbox 2302 2220 2482 2258; x_wconf 92' lang='lat' dir='ltr'>sacer-</span> 
     </span>
     <span class='ocr_line' id='line_1_24' title="bbox 427 2290 2481 2367; baseline 0.001 -23"><span class='ocrx_word' id='word_1_208' title='bbox 427 2290 621 2344; x_wconf 90' lang='lat' dir='ltr'>dotum</span> <span class='ocrx_word' id='word_1_209' title='bbox 647 2297 702 2345; x_wconf 92' lang='lat' dir='ltr'>et</span> <span class='ocrx_word' id='word_1_210' title='bbox 727 2290 1079 2346; x_wconf 90' lang='lat' dir='ltr'>Christianae</span> <span class='ocrx_word' id='word_1_211' title='bbox 1105 2291 1383 2366; x_wconf 87' lang='lat' dir='ltr'>religionis</span> <span class='ocrx_word' id='word_1_212' title='bbox 1409 2300 1579 2366; x_wconf 90' lang='lat' dir='ltr'>caput</span> <span class='ocrx_word' id='word_1_213' title='bbox 1604 2293 1675 2347; x_wconf 92' lang='lat' dir='ltr'>ab</span> <span class='ocrx_word' id='word_1_214' title='bbox 1701 2292 2035 2367; x_wconf 89' lang='lat' dir='ltr'>imperatore</span> <span class='ocrx_word' id='word_1_215' title='bbox 2061 2292 2251 2347; x_wconf 92' lang='lat' dir='ltr'>celesti</span> <span class='ocrx_word' id='word_1_216' title='bbox 2278 2292 2481 2348; x_wconf 89' lang='lat' dir='ltr'>consti-</span> 
     </span>
     <span class='ocr_line' id='line_1_25' title="bbox 427 2380 2481 2457; baseline 0.002 -23"><span class='ocrx_word' id='word_1_217' title='bbox 427 2387 611 2434; x_wconf 90' lang='lat' dir='ltr'>tutum</span> <span class='ocrx_word' id='word_1_218' title='bbox 657 2387 757 2449; x_wconf 88' lang='lat' dir='ltr'>est,</span> <span class='ocrx_word' id='word_1_219' title='bbox 804 2380 1012 2435; x_wconf 91' lang='lat' dir='ltr'>iustum</span> <span class='ocrx_word' id='word_1_220' title='bbox 1057 2398 1170 2435; x_wconf 94' lang='lat' dir='ltr'>non</span> <span class='ocrx_word' id='word_1_221' title='bbox 1216 2389 1317 2450; x_wconf 92' lang='lat' dir='ltr'>est,</span> <span class='ocrx_word' id='word_1_222' title='bbox 1363 2389 1428 2436; x_wconf 94' lang='lat' dir='ltr'>ut</span> <span class='ocrx_word' id='word_1_223' title='bbox 1473 2382 1585 2436; x_wconf 92' lang='lat' dir='ltr'>illic</span> <span class='ocrx_word' id='word_1_224' title='bbox 1628 2382 1931 2457; x_wconf 90' lang='lat' dir='ltr'>imperator</span> <span class='ocrx_word' id='word_1_225' title='bbox 1976 2390 2229 2438; x_wconf 88' lang='lat' dir='ltr'>terrenus</span> <span class='ocrx_word' id='word_1_226' title='bbox 2274 2383 2481 2439; x_wconf 90' lang='lat' dir='ltr'>habeat</span> 
     </span>
     <span class='ocr_line' id='line_1_26' title="bbox 424 2469 2482 2548; baseline 0.002 -25"><span class='ocrx_word' id='word_1_227' title='bbox 424 2476 775 2543; x_wconf 89' lang='lat' dir='ltr'>potestatem.</span> <span class='ocrx_word' id='word_1_228' title='bbox 803 2469 850 2534; x_wconf 67' lang='grc' dir='ltr'>ξ.</span> <span class='ocrx_word' id='word_1_229' title='bbox 875 2474 924 2524; x_wconf 91' lang='grc'>8.</span> <span class='ocrx_word' id='word_1_230' title='bbox 946 2471 1069 2525; x_wconf 91' lang='lat' dir='ltr'>Hec</span> <span class='ocrx_word' id='word_1_231' title='bbox 1091 2488 1222 2525; x_wconf 90' lang='lat' dir='ltr'>vero</span> <span class='ocrx_word' id='word_1_232' title='bbox 1244 2471 1432 2526; x_wconf 89' lang='lat' dir='ltr'>omnia</span> <span class='ocrx_word' id='word_1_233' title='bbox 1452 2489 1560 2546; x_wconf 92' lang='lat' dir='ltr'>que</span> <span class='ocrx_word' id='word_1_234' title='bbox 1581 2489 1680 2546; x_wconf 92' lang='lat' dir='ltr'>per</span> <span class='ocrx_word' id='word_1_235' title='bbox 1699 2472 1846 2527; x_wconf 89' lang='lat' dir='ltr'>hanc</span> <span class='ocrx_word' id='word_1_236' title='bbox 1866 2480 2117 2527; x_wconf 91' lang='lat' dir='ltr'>nostram</span> <span class='ocrx_word' id='word_1_237' title='bbox 2138 2472 2482 2548; x_wconf 91' lang='lat' dir='ltr'>imperialem</span> 
     </span>
     <span class='ocr_line' id='line_1_27' title="bbox 427 2560 2481 2638; baseline 0.003 -26"><span class='ocrx_word' id='word_1_238' title='bbox 427 2575 661 2627; x_wconf 90' lang='lat' dir='ltr'>sacram,</span> <span class='ocrx_word' id='word_1_239' title='bbox 701 2567 757 2614; x_wconf 93' lang='lat' dir='ltr'>et</span> <span class='ocrx_word' id='word_1_240' title='bbox 793 2577 892 2634; x_wconf 91' lang='lat' dir='ltr'>per</span> <span class='ocrx_word' id='word_1_241' title='bbox 931 2560 1040 2615; x_wconf 93' lang='lat' dir='ltr'>alia</span> <span class='ocrx_word' id='word_1_242' title='bbox 1077 2560 1285 2615; x_wconf 89' lang='lat' dir='ltr'>divalia</span> <span class='ocrx_word' id='word_1_243' title='bbox 1323 2562 1549 2616; x_wconf 90' lang='lat' dir='ltr'>decreta</span> <span class='ocrx_word' id='word_1_244' title='bbox 1585 2562 1883 2617; x_wconf 88' lang='lat' dir='ltr'>statuimus</span> <span class='ocrx_word' id='word_1_245' title='bbox 1922 2570 2091 2638; x_wconf 89' lang='lat' dir='ltr'>atque</span> <span class='ocrx_word' id='word_1_246' title='bbox 2130 2563 2481 2618; x_wconf 87' lang='lat' dir='ltr'>confirmavi-</span> 
     </span>
     <span class='ocr_line' id='line_1_28' title="bbox 425 2650 2480 2729; baseline 0.004 -27"><span class='ocrx_word' id='word_1_247' title='bbox 425 2665 566 2717; x_wconf 90' lang='lat' dir='ltr'>mus,</span> <span class='ocrx_word' id='word_1_248' title='bbox 615 2666 791 2723; x_wconf 90' lang='lat' dir='ltr'>usque</span> <span class='ocrx_word' id='word_1_249' title='bbox 840 2650 897 2703; x_wconf 93' lang='lat' dir='ltr'>in</span> <span class='ocrx_word' id='word_1_250' title='bbox 946 2650 1115 2704; x_wconf 91' lang='lat' dir='ltr'>finem</span> <span class='ocrx_word' id='word_1_251' title='bbox 1159 2651 1355 2705; x_wconf 91' lang='lat' dir='ltr'>mundi</span> <span class='ocrx_word' id='word_1_252' title='bbox 1405 2651 1621 2706; x_wconf 90' lang='lat' dir='ltr'>illibata</span> <span class='ocrx_word' id='word_1_253' title='bbox 1669 2660 1726 2707; x_wconf 91' lang='lat' dir='ltr'>et</span> <span class='ocrx_word' id='word_1_254' title='bbox 1775 2651 2107 2708; x_wconf 90' lang='lat' dir='ltr'>inconcussa</span> <span class='ocrx_word' id='word_1_255' title='bbox 2154 2671 2480 2729; x_wconf 91' lang='lat' dir='ltr'>permanere</span> 
     </span>
     <span class='ocr_line' id='line_1_29' title="bbox 426 2738 2481 2820; baseline 0.005 -29"><span class='ocrx_word' id='word_1_256' title='bbox 426 2738 789 2793; x_wconf 67' lang='lat' dir='ltr'>decernimus</span> <span class='ocrx_word' id='word_1_257' title='bbox 825 2740 989 2794; x_wconf 90' lang='lat' dir='ltr'>Unde</span> <span class='ocrx_word' id='word_1_258' title='bbox 1024 2756 1213 2794; x_wconf 92' lang='lat' dir='ltr'>coram</span> <span class='ocrx_word' id='word_1_259' title='bbox 1245 2741 1371 2796; x_wconf 93' lang='lat' dir='ltr'>Deo</span> <span class='ocrx_word' id='word_1_260' title='bbox 1404 2741 1551 2811; x_wconf 84' lang='lat' dir='ltr'>viVO,</span> <span class='ocrx_word' id='word_1_261' title='bbox 1586 2741 1682 2816; x_wconf 93' lang='lat' dir='ltr'>qui</span> <span class='ocrx_word' id='word_1_262' title='bbox 1718 2759 1819 2797; x_wconf 91' lang='lat' dir='ltr'>nos</span> <span class='ocrx_word' id='word_1_263' title='bbox 1854 2759 2086 2817; x_wconf 90' lang='lat' dir='ltr'>regnare</span> <span class='ocrx_word' id='word_1_264' title='bbox 2118 2745 2385 2820; x_wconf 88' lang='lat' dir='ltr'>precepit,</span> <span class='ocrx_word' id='word_1_265' title='bbox 2424 2754 2481 2802; x_wconf 92' lang='lat' dir='ltr'>et</span> 
     </span>
     <span class='ocr_line' id='line_1_30' title="bbox 424 2828 2479 2910; baseline 0.004 -28"><span class='ocrx_word' id='word_1_266' title='bbox 424 2844 613 2882; x_wconf 91' lang='lat' dir='ltr'>coram</span> <span class='ocrx_word' id='word_1_267' title='bbox 639 2828 872 2883; x_wconf 92' lang='lat' dir='ltr'>terribili</span> <span class='ocrx_word' id='word_1_268' title='bbox 899 2829 1017 2884; x_wconf 92' lang='lat' dir='ltr'>eius</span> <span class='ocrx_word' id='word_1_269' title='bbox 1045 2829 1250 2885; x_wconf 93' lang='lat' dir='ltr'>iudicio</span> <span class='ocrx_word' id='word_1_270' title='bbox 1277 2831 1623 2885; x_wconf 90' lang='lat' dir='ltr'>obtestamur</span> <span class='ocrx_word' id='word_1_271' title='bbox 1651 2849 1750 2907; x_wconf 93' lang='lat' dir='ltr'>per</span> <span class='ocrx_word' id='word_1_272' title='bbox 1777 2831 1884 2887; x_wconf 93' lang='lat' dir='ltr'>hoc</span> <span class='ocrx_word' id='word_1_273' title='bbox 1911 2840 2166 2888; x_wconf 90' lang='lat' dir='ltr'>nostrum</span> <span class='ocrx_word' id='word_1_274' title='bbox 2194 2834 2479 2910; x_wconf 91' lang='lat' dir='ltr'>imperiale</span> 
     </span>
     <span class='ocr_line' id='line_1_31' title="bbox 424 2918 2479 2997; baseline 0.005 -26"><span class='ocrx_word' id='word_1_275' title='bbox 424 2918 788 2973; x_wconf 91' lang='lat' dir='ltr'>constitutum</span> <span class='ocrx_word' id='word_1_276' title='bbox 826 2936 1018 2974; x_wconf 90' lang='lat' dir='ltr'>omnes</span> <span class='ocrx_word' id='word_1_277' title='bbox 1055 2927 1276 2975; x_wconf 91' lang='lat' dir='ltr'>nostros</span> <span class='ocrx_word' id='word_1_278' title='bbox 1313 2937 1658 2976; x_wconf 88' lang='lat' dir='ltr'>successores</span> <span class='ocrx_word' id='word_1_279' title='bbox 1698 2921 2078 2997; x_wconf 88' lang='lat' dir='ltr'>imperatores,</span> <span class='ocrx_word' id='word_1_280' title='bbox 2119 2924 2208 2978; x_wconf 89' lang='lat' dir='ltr'>vel</span> <span class='ocrx_word' id='word_1_281' title='bbox 2248 2933 2479 2982; x_wconf 92' lang='lat' dir='ltr'>cunctos</span> 
     </span>
     <span class='ocr_line' id='line_1_32' title="bbox 423 3007 2478 3086; baseline 0.004 -25"><span class='ocrx_word' id='word_1_282' title='bbox 423 3007 738 3082; x_wconf 84' lang='lat' dir='ltr'>optimateS,</span> <span class='ocrx_word' id='word_1_283' title='bbox 780 3016 1035 3084; x_wconf 88' lang='lat' dir='ltr'>satrapas</span> <span class='ocrx_word' id='word_1_284' title='bbox 1073 3009 1259 3080; x_wconf 93' lang='lat' dir='ltr'>etiam,</span> <span class='ocrx_word' id='word_1_285' title='bbox 1300 3010 1704 3086; x_wconf 90' lang='lat' dir='ltr'>amplissimum</span> <span class='ocrx_word' id='word_1_286' title='bbox 1744 3019 2017 3082; x_wconf 92' lang='lat' dir='ltr'>senatum,</span> <span class='ocrx_word' id='word_1_287' title='bbox 2059 3021 2116 3068; x_wconf 94' lang='lat' dir='ltr'>et</span> <span class='ocrx_word' id='word_1_288' title='bbox 2155 3014 2478 3070; x_wconf 90' lang='lat' dir='ltr'>universum</span> 
     </span>
    </p>
   </div>
  </div>
 </body>
</html>
