2638 4198
441 221 504 268 14
843 204 990 254 THE
1024 202 1404 255 DONATION
1439 202 1530 254 OF
1566 201 2072 253 CONSTANTINE
2149 205 2153 207 ’

437 317 495 372 in
527 317 657 372 sede
689 317 755 372 B.
789 315 941 371 Petri
971 322 1135 371 erunt
1165 314 1387 385 sessuri,
1422 315 1492 370 de
1522 314 1769 391 presenti
1800 312 2182 368 contradimus
2211 309 2486 387 palatium
2566 308 2568 311 ’
2614 319 2615 322 ’

437 406 653 482 imperii
697 405 874 461 nostri
916 406 1308 474 Lateranense,
1355 403 1556 459 deinde
1599 403 1874 473 diadema,
1918 402 2178 457 videlicet
2222 414 2486 456 coronam

437 495 636 571 capitis
677 494 870 565 nostri,
910 494 1185 570 simulque
1226 493 1468 569 frigium,
1508 509 1611 548 nec
1647 509 1760 548 non
1801 499 1859 547 et
1896 489 2365 567 superhumerale,
2404 487 2485 543 vi-

437 585 637 640 delicet
669 585 866 653 lorum,
899 584 1051 659 quod
1083 583 1368 658 imperiale
1400 582 1745 637 circumdare
1779 581 1985 637 assolet
2019 581 2245 649 collum3
2291 594 2486 634 verum

437 674 606 729 etiam
629 681 686 728 et
707 673 999 728 clamidem
1019 689 1375 748 purpuream,
1398 679 1568 746 atque
1592 671 1840 726 tunicam
1863 669 2196 739 coccineam,
2221 676 2278 724 et
2300 666 2486 724 omnia

411 757 413 760 ’
437 762 744 839 imperialia
766 762 1113 831 indumenta;
1146 762 1244 816 sed
1265 768 1322 816 et
1342 760 1672 836 dignitatem
1694 759 2064 835 imperialium
2085 757 2487 835 presidentium

438 852 704 928 equitum,
731 851 1081 906 conferentes
1109 850 1280 905 etiam
1302 858 1359 905 et
1383 849 1693 926 imperialia
1718 856 1955 924 sceptra,
1983 849 2257 924 simulque
2285 854 2488 902 cuncta

437 941 611 1017 signa,
651 949 819 1016 atque
856 941 1060 1010 banda,
1098 948 1155 995 et
1189 939 1410 994 diversa
1444 946 1775 994 ornamenta
1809 938 2135 1014 imperialia,
2174 946 2231 993 et
2266 953 2488 993 omnem

436 1030 845 1106 processionem
887 1029 1187 1105 imperialis
1232 1028 1488 1083 culminis
1533 1036 1590 1084 et
1629 1028 1864 1103 gloriam
1903 1028 2201 1103 potestatis
2245 1034 2485 1083 nostrae.

442 1120 489 1186 ξ.
536 1137 588 1188 3.
633 1119 780 1175 Viris
824 1127 1011 1174 autem
1056 1117 1515 1173 reverentissimis
1559 1117 1772 1173 clericis
1817 1117 1875 1171 in
1918 1117 2152 1173 diversis
2198 1116 2487 1173 ordinibus

436 1209 616 1264 eidem
648 1216 1034 1264 sacrosanctae
1071 1209 1360 1262 Romanae
1393 1207 1657 1262 ecclesiae
1690 1207 2060 1263 servientibus
2097 1207 2235 1262 illud
2269 1206 2487 1262 eulmen
2563 1203 2567 1207 ’

436 1298 836 1374 singularitate,
890 1297 1141 1372 potentia
1196 1304 1253 1351 et
1303 1296 1663 1372 precellentia
1714 1296 1922 1352 habere
1975 1297 2273 1366 sancimus,
2330 1296 2487 1352 cuius

436 1388 808 1463 amplissimus
843 1395 1031 1441 noster
1066 1394 1293 1441 senatus
1327 1386 1548 1441 videtur
1580 1386 1758 1461 gloria
1789 1386 2068 1456 adornari,
2105 1386 2163 1442 id
2197 1394 2284 1443 est
2314 1385 2487 1462 patri-

435 1477 549 1532 cios
576 1485 744 1551 atque
768 1476 1020 1531 consules
1045 1476 1202 1544 effici,
1228 1492 1331 1530 nec
1354 1493 1466 1530 non
1492 1483 1548 1531 et
1572 1476 1770 1531 ceteris
1797 1476 2164 1551 dignitatibus
2190 1475 2486 1552 imperiali-

434 1566 538 1621 bus
565 1584 657 1621 eos
678 1567 1094 1641 promulgamus
1119 1565 1386 1620 decorari.
1413 1566 1488 1620 Et
1511 1565 1656 1620 sicut
1680 1565 1982 1641 imperialis
2006 1566 2214 1621 milicia
2237 1573 2485 1635 ornatur,

433 1656 513 1710 ita
549 1663 604 1710 et
641 1656 849 1710 clerum
885 1663 1111 1710 sanctae
1152 1656 1441 1710 Romanae
1479 1655 1744 1711 ecclesiae
1782 1655 1970 1710 omari
2007 1656 2372 1712 decernimus.
2413 1657 2487 1711 Et

435 1746 903 1820 quemadmodum
941 1744 1222 1820 imperalis
1272 1745 1405 1812 [sic]
1452 1745 1707 1820 potentia
1743 1745 1929 1800 offitiis
1970 1746 2221 1815 diversis,
2262 1746 2486 1801 cubicu-

431 1835 696 1890 lariorum
750 1852 966 1910 nempe,
1027 1842 1083 1889 et
1138 1835 1511 1904 ostiariorum,
1569 1842 1739 1911 atque
1795 1835 2045 1891 omnium
2102 1836 2488 1892 excubitorum

431 1933 678 1994 ornatur,
705 1924 785 1979 ita
809 1932 865 1980 et
891 1933 1143 1979 sanctam
1171 1926 1487 1979 Romanam
1513 1925 1804 1981 ecclesiam
1830 1926 2081 1981 decorari
2106 1927 2380 1982 volumus.
2412 1927 2487 1981 Et

431 2022 495 2069 ut
536 2014 874 2089 amplissime
914 2015 1233 2089 pontificale
1278 2015 1447 2070 decus
1490 2015 1823 2091 prefulgeat,
1869 2016 2217 2071 decernimus
2262 2023 2319 2072 et
2360 2016 2484 2086 hoe,

431 2104 756 2159 clericorum
781 2104 1028 2159 eiusdem
1053 2112 1280 2160 sanctae
1309 2106 1599 2160 Romanae
1624 2105 1890 2160 ecclesiae
1916 2106 2215 2181 manipulis
2244 2114 2300 2162 et
2325 2106 2485 2162 linte-

431 2194 725 2263 aminibus,
760 2193 818 2249 id
848 2202 933 2249 est
963 2194 1357 2250 candidissimo
1390 2195 1590 2265 colore,
1623 2195 1875 2250 decorari
1907 2213 2097 2271 eqUOS,
2134 2196 2214 2251 ita
2245 2204 2302 2252 et
2333 2196 2485 2272 equi-

430 2290 567 2338 tare.
597 2285 671 2338 Et
697 2284 841 2338 sicut
868 2292 1055 2339 noster
1082 2292 1308 2340 senatus
1335 2284 1714 2340 calciamentis
1742 2285 1919 2340 utitur
1946 2302 2074 2340 cum
2100 2286 2397 2356 udonibus,
2428 2287 2486 2342 id

431 2380 516 2428 est
553 2373 790 2428 candido
826 2374 1135 2429 linteamini
1171 2374 1479 2444 illustratiS,
1518 2374 1599 2429 sic
1635 2382 1867 2430 utantur
1906 2383 1962 2431 et
1998 2376 2201 2445 clerici,
2240 2384 2305 2431 ut
2341 2377 2486 2433 sicut

429 2463 670 2532 celestia,
694 2463 773 2518 ita
794 2471 849 2518 et
869 2472 1088 2519 terrena
1111 2465 1183 2519 ad
1203 2465 1426 2519 laudem
1446 2464 1556 2519 Dei
1577 2465 1924 2520 decorentur.
1952 2465 1998 2531 ξ.
2021 2483 2074 2533 4.
2099 2467 2205 2521 Pre
2226 2467 2485 2523 omnibus

430 2559 618 2607 autem
648 2552 930 2608 licentiam
959 2554 1255 2609 tribuimus
1287 2554 1394 2629 ipsi
1424 2554 1775 2610 sanctissimo
1807 2555 1962 2610 Patri
1994 2563 2186 2611 nostro
2219 2556 2485 2613 Silvestro

430 2649 487 2697 et
516 2643 926 2698 successoribus
957 2643 1074 2698 eius
1106 2661 1172 2698 ex
1201 2651 1392 2699 nostro
1424 2644 1651 2714 indict0,
1683 2652 1749 2700 ut
1777 2662 1945 2720 quem
1973 2646 2228 2721 placatus
2257 2647 2484 2722 proprio
2563 2676 2565 2678 ·

430 2731 661 2787 consilio
697 2732 958 2788 clericare
994 2733 1249 2803 voluerit,
1288 2741 1345 2789 et
1378 2733 1438 2788 in
1472 2734 1855 2810 religiosorum
1890 2752 2121 2791 numero
2158 2736 2485 2792 clericorum

433 2836 848 2891 connumerare,
889 2823 1073 2878 nullus
1114 2840 1181 2878 ex
1217 2823 1475 2879 omnibus
1513 2832 1800 2900 presumat
1838 2826 2076 2900 superbe
2115 2844 2295 2901 agere.
2340 2827 2387 2893 ξ.
2433 2843 2482 2897 5.

432 2911 798 2967 Decrevimus
831 2912 1020 2987 itaque
1051 2920 1106 2968 et
1135 2913 1258 2983 hoc,
1290 2920 1355 2968 ut
1385 2913 1503 2989 ipse
1534 2921 1591 2969 et
1620 2931 1965 2970 successores
1999 2915 2117 2972 eius
2149 2916 2482 2988 diademate,
