2730 4198
535 192 556 224 1
568 189 630 239 74
936 170 1083 220 THE
1117 166 1498 220 DONATION
1533 166 1624 217 OF
1661 165 1807 216 CON
1810 165 1890 215 ST
1890 164 1991 214 AN
1993 165 2123 214 TIN
2125 165 2170 213 E

531 292 632 341 est.
665 285 755 339 De
788 282 910 338 aliis
943 280 1302 357 pontificibus
1337 278 1469 333 nolo
1500 277 1700 346 dicere,
1734 276 1832 352 qui
1868 276 2110 331 Romam
2143 276 2201 331 vi
2234 294 2453 354 semper
2485 295 2583 355 op-

528 390 779 450 pressam
806 371 1084 446 armisque
1112 376 1433 437 tenuerunt;
1473 367 1619 437 licet,
1648 366 1907 442 quotiens
1933 365 2136 441 potuit,
2167 366 2482 438 rebellavit;
2520 376 2585 424 ut

530 471 685 519 sexto
719 462 924 518 abhinc
956 478 1120 530 anno,
1154 476 1283 514 cum
1315 474 1512 534 pacem
1547 457 1620 512 ab
1656 455 1907 530 Eugenio
1941 454 2195 510 obtinere
2228 473 2342 511 non
2374 465 2582 532 posset,

529 570 631 609 nec
661 553 786 630 par1
819 559 965 608 esset
992 550 1247 606 hostibus
1277 549 1375 625 qui
1406 565 1530 604 eam
1561 546 1911 615 obsidebant,
1946 552 2002 600 et
2034 544 2158 620 ipsa
2187 562 2395 622 papam
2430 546 2580 604 intra

529 644 695 698 aedes
728 641 962 710 obsedit,
996 657 1110 695 non
1141 639 1481 715 permissura
1514 637 1671 691 illum
1703 636 1857 691 abire
1890 635 2223 711 priusquam
2254 645 2354 692 aut
2385 654 2583 713 pacem

530 749 657 787 cum
687 731 941 786 hostibus
976 730 1188 785 faceret
1219 735 1317 784 aut
1351 726 1892 783 administrationem
1926 724 2172 781 civitatis
2207 726 2479 802 relegaret
2510 729 2583 783 ad

529 822 694 877 cives.
722 821 799 875 At
825 821 914 875 ille
942 819 1140 875 maluit
1165 819 1361 874 urbem
1389 818 1641 873 deserere
1669 815 2019 871 dissimulato
2044 814 2245 871 habitu
2271 833 2385 872 uno
2416 817 2583 893 fugae
2634 895 2642 903 .

529 911 747 980 comite,
774 927 944 985 quam
967 909 1183 964 civibus
1208 906 1511 983 gratificari
1535 906 1686 962 iusta
1710 912 1768 961 et
1794 922 1976 981 aequa
1998 904 2338 981 petentibus.
2365 907 2583 978 Quibus

529 1001 575 1057 si
610 1002 706 1055 des
739 1000 1078 1067 electionem,
1112 998 1237 1074 quis
1270 997 1489 1072 ignorat
1522 996 1839 1052 libertatem
1873 995 2051 1071 magis
2087 1013 2260 1071 quam
2293 997 2583 1053 servitium

529 1091 837 1146 electuros?

604 1181 762 1234 Idem
789 1178 1058 1254 suspicari
1085 1178 1220 1232 libet
1248 1177 1316 1232 de
1344 1176 1542 1231 ceteris
1568 1175 1803 1231 urbibus
1832 1193 1977 1251 quae
2006 1194 2042 1231 a
2071 1194 2288 1233 summo
2316 1179 2583 1255 pontifice

528 1270 584 1323 in
620 1268 886 1324 servitute
918 1267 1242 1335 retinentur,
1274 1284 1375 1342 per
1408 1283 1575 1341 quem
1610 1283 1645 1322 a
1676 1266 1945 1322 servitute
1978 1266 2205 1323 liberari
2240 1269 2580 1326 debuissent.

527 1360 781 1433 Longum
818 1365 964 1412 esset
1003 1374 1288 1411 recensere
1326 1363 1464 1431 quot
1501 1356 1669 1411 urbes
1708 1374 1775 1411 ex
1809 1356 2067 1412 hostibus
2106 1366 2302 1434 captas
2339 1360 2581 1436 populus

529 1450 815 1503 Romanus
860 1447 994 1502 olim
1039 1447 1242 1502 liberas
1292 1446 1442 1516 fecit,
1493 1447 1634 1501 adeo
1678 1454 1744 1502 ut
1790 1446 1955 1516 Titus
2004 1447 2313 1504 Flaminius
2359 1467 2582 1506 omnem

529 1537 836 1606 Graeciam,
881 1554 1024 1612 quae
1068 1537 1172 1592 sub
1215 1536 1492 1591 Antiocho
1540 1536 1755 1606 fuisset,
1799 1536 2035 1592 liberam
2075 1555 2196 1595 esse
2240 1547 2297 1595 et
2339 1540 2454 1597 suis
2495 1541 2581 1597 uti

525 1627 736 1702 legibus
760 1627 991 1682 iuberet.
1019 1626 1094 1682 At
1118 1644 1284 1702 papa,
1311 1635 1376 1682 ut
1398 1627 1587 1682 videre
1613 1627 1760 1698 licet,
1788 1627 2086 1683 insidiatur
2111 1630 2305 1685 sedulo
2333 1630 2581 1687 libertati

524 1717 877 1792 populorum;
932 1717 1167 1792 ideoque
1209 1716 1454 1771 vicissim
1497 1717 1577 1771 illi
1621 1717 1871 1793 quotidie
1915 1719 2108 1774 oblata
2154 1719 2424 1776 facultate
2478 1722 2581 1792 (ad

526 1806 836 1861 Bononiam
871 1808 1036 1862 modo
1073 1807 1313 1882 respice)
1357 1808 1645 1862 rebellant.
1684 1807 1793 1877 Qui
1829 1808 1877 1863 si
1911 1810 2138 1884 quando
2174 1818 2390 1887 sponte,
2428 1813 2580 1887 quod

523 1896 740 1951 evenire
762 1905 949 1972 potest
971 1897 1157 1972 aliquo
1182 1897 1406 1953 aliunde
1429 1898 1679 1973 periculo
1700 1907 1951 1974 urgente,
1978 1899 2036 1954 in
2058 1901 2261 1976 papale
2285 1901 2580 1977 imperium

522 1994 938 2056 concenserunt,
976 2005 1088 2042 non
1124 1987 1205 2042 ita
1241 1987 1628 2063 accipiendum
1663 1996 1748 2044 est
1784 1990 2152 2060 concensisse,
2190 1999 2257 2046 ut
2291 2009 2481 2048 servos
2520 2011 2579 2049 se

524 2076 792 2146 facerent;
830 2083 894 2132 ut
920 2094 1227 2153 numquam
1255 2078 1582 2134 subtrahere
1611 2096 1646 2134 a
1672 2079 1802 2155 iugo
1830 2080 1974 2135 colla
1999 2089 2253 2157 possent;
2291 2090 2356 2138 ut
2381 2091 2579 2159 postea

521 2166 639 2221 nati
677 2184 789 2220 non
829 2174 885 2222 et
921 2166 1028 2243 ipsi
1066 2167 1360 2223 arbitrium
1401 2168 1487 2223 sui
1525 2168 1796 2240 habeant;
1849 2187 1982 2225 nam
2019 2171 2127 2226 hoc
2166 2171 2578 2248 iniquissimum

522 2256 682 2311 foret.

597 2401 839 2476 “Sponte
879 2403 951 2457 ad
989 2409 1060 2472 te,
1101 2420 1314 2459 summe
1353 2404 1626 2480 pontifex,
1665 2413 1731 2462 ut
1768 2423 1870 2462 nos
1908 2407 2249 2482 gubernares
2287 2408 2566 2480 venimus;

520 2499 716 2565 sponte
746 2508 893 2546 nunc
926 2510 1115 2549 rursus
1147 2494 1247 2549 abs
1280 2502 1334 2550 te
1366 2512 1435 2550 ne
1465 2496 1740 2570 gubernes
1773 2497 1983 2553 diutius
2016 2498 2343 2554 recedimus
2377 2499 2433 2555 Si
2464 2517 2577 2575 qua

585 3447 603 3472 1
621 3458 725 3497 pax3
754 3447 936 3499 Hutten,
958 3449 1181 3493 Bonneau.
