<?xml version="1.0" encoding="UTF-8"?>
<!DOCTYPE html PUBLIC "-//W3C//DTD XHTML 1.0 Transitional//EN"
    "http://www.w3.org/TR/xhtml1/DTD/xhtml1-transitional.dtd">
<html xmlns="http://www.w3.org/1999/xhtml" xml:lang="en" lang="en">
 <head>
  <title>
</title>
<meta http-equiv="Content-Type" content="text/html;charset=utf-8" />
  <meta name='ocr-system' content='tesseract 3.04.00' />
  <meta name='ocr-capabilities' content='ocr_page ocr_carea ocr_par ocr_line ocrx_word'/>
</head>
<body>
  <div class='ocr_page' id='page_1' title='image "./treatiseoflorenz00valluoft_0108.png"; bbox 0 0 2638 4198; ppageno 0'>
   <div class='ocr_carea' id='block_1_1' title="bbox 362 213 1995 291">
    <p class='ocr_par' dir='ltr' id='par_1_1' title="bbox 362 213 1995 291">
     <span class='ocr_line' id='line_1_1' title="bbox 362 213 1995 291; baseline -0.01 -14"><span class='ocrx_word' id='word_1_1' title='bbox 362 229 428 291; x_wconf 90' lang='lat'><strong>96</strong></span> <span class='ocrx_word' id='word_1_2' title='bbox 766 222 912 272; x_wconf 94' lang='lat' dir='ltr'><strong>THE</strong></span> <span class='ocrx_word' id='word_1_3' title='bbox 946 217 1325 271; x_wconf 92' lang='lat' dir='ltr'><strong>DONATION</strong></span> <span class='ocrx_word' id='word_1_4' title='bbox 1360 216 1451 268; x_wconf 90' lang='lat' dir='ltr'><strong>OF</strong></span> <span class='ocrx_word' id='word_1_5' title='bbox 1488 213 1995 266; x_wconf 91' lang='lat' dir='ltr'>CONSTANTINE</span> 
     </span>
    </p>
   </div>
   <div class='ocr_carea' id='block_1_2' title="bbox 358 323 2470 1479">
    <p class='ocr_par' dir='ltr' id='par_1_2' title="bbox 362 323 2470 760">
     <span class='ocr_line' id='line_1_2' title="bbox 363 323 2410 410; baseline -0.007 -18"><span class='ocrx_word' id='word_1_6' title='bbox 363 337 531 405; x_wconf 90' lang='lat' dir='ltr'><strong>videt,</strong></span> <span class='ocrx_word' id='word_1_7' title='bbox 560 335 656 410; x_wconf 93' lang='lat' dir='ltr'><strong>qui</strong></span> <span class='ocrx_word' id='word_1_8' title='bbox 681 331 1032 409; x_wconf 89' lang='lat' dir='ltr'><strong>privilegium</strong></span> <span class='ocrx_word' id='word_1_9' title='bbox 1059 327 1387 405; x_wconf 89' lang='lat' dir='ltr'><strong>composuit,</strong></span> <span class='ocrx_word' id='word_1_10' title='bbox 1416 344 1545 406; x_wconf 87' lang='lat' dir='ltr'><strong>eum</strong></span> <span class='ocrx_word' id='word_1_11' title='bbox 1571 325 1667 381; x_wconf 94' lang='lat' dir='ltr'><strong>diu</strong></span> <span class='ocrx_word' id='word_1_12' title='bbox 1693 332 1823 400; x_wconf 92' lang='lat' dir='ltr'><strong>post</strong></span> <span class='ocrx_word' id='word_1_13' title='bbox 1849 331 2105 399; x_wconf 92' lang='lat' dir='ltr'><strong>tempora</strong></span> <span class='ocrx_word' id='word_1_14' title='bbox 2133 323 2410 379; x_wconf 90' lang='lat' dir='ltr'><strong>Constan-</strong></span> 
     </span>
     <span class='ocr_line' id='line_1_3' title="bbox 364 412 2411 493; baseline -0.006 -13"><span class='ocrx_word' id='word_1_15' title='bbox 364 425 466 482; x_wconf 89' lang='lat' dir='ltr'>tini</span> <span class='ocrx_word' id='word_1_16' title='bbox 493 424 680 493; x_wconf 88' lang='lat' dir='ltr'><strong>fuisse,</strong></span> <span class='ocrx_word' id='word_1_17' title='bbox 704 429 777 492; x_wconf 90' lang='lat' dir='ltr'><strong>et,</strong></span> <span class='ocrx_word' id='word_1_18' title='bbox 799 438 927 477; x_wconf 93' lang='lat' dir='ltr'><strong>cum</strong></span> <span class='ocrx_word' id='word_1_19' title='bbox 950 420 1118 476; x_wconf 90' lang='lat' dir='ltr'><strong>vellet</strong></span> <span class='ocrx_word' id='word_1_20' title='bbox 1140 419 1413 474; x_wconf 90' lang='lat' dir='ltr'><strong>adornare</strong></span> <span class='ocrx_word' id='word_1_21' title='bbox 1436 414 1806 485; x_wconf 84' lang='lat' dir='ltr'><strong>mendacium,</strong></span> <span class='ocrx_word' id='word_1_22' title='bbox 1833 412 2102 468; x_wconf 88' lang='lat' dir='ltr'>excidisse</span> <span class='ocrx_word' id='word_1_23' title='bbox 2127 412 2234 468; x_wconf 92' lang='lat' dir='ltr'><strong>sibi</strong></span> <span class='ocrx_word' id='word_1_24' title='bbox 2258 414 2411 488; x_wconf 93' lang='lat' dir='ltr'><strong>quod</strong></span> 
     </span>
     <span class='ocr_line' id='line_1_4' title="bbox 364 502 2411 585; baseline -0.005 -16"><span class='ocrx_word' id='word_1_25' title='bbox 364 522 492 570; x_wconf 90' lang='lat' dir='ltr'><strong>ante</strong></span> <span class='ocrx_word' id='word_1_26' title='bbox 528 513 754 568; x_wconf 87' lang='lat' dir='ltr'><strong>dixisset</strong></span> <span class='ocrx_word' id='word_1_27' title='bbox 785 511 924 566; x_wconf 91' lang='lat' dir='ltr'><strong>haec</strong></span> <span class='ocrx_word' id='word_1_28' title='bbox 956 517 1113 585; x_wconf 88' lang='lat' dir='ltr'><strong>gesta</strong></span> <span class='ocrx_word' id='word_1_29' title='bbox 1146 525 1268 563; x_wconf 91' lang='lat' dir='ltr'><strong>esse</strong></span> <span class='ocrx_word' id='word_1_30' title='bbox 1302 508 1515 561; x_wconf 89' lang='lat' dir='ltr'><strong>Romae</strong></span> <span class='ocrx_word' id='word_1_31' title='bbox 1552 504 1717 560; x_wconf 93' lang='lat' dir='ltr'><strong>tertio</strong></span> <span class='ocrx_word' id='word_1_32' title='bbox 1753 503 1843 558; x_wconf 94' lang='lat' dir='ltr'><strong>die</strong></span> <span class='ocrx_word' id='word_1_33' title='bbox 1876 519 2047 578; x_wconf 89' lang='lat' dir='ltr'><strong>quam</strong></span> <span class='ocrx_word' id='word_1_34' title='bbox 2082 502 2173 557; x_wconf 91' lang='lat' dir='ltr'><strong>ille</strong></span> <span class='ocrx_word' id='word_1_35' title='bbox 2212 502 2411 558; x_wconf 86' lang='lat' dir='ltr'><strong>fuisset</strong></span> 
     </span>
     <span class='ocr_line' id='line_1_5' title="bbox 365 593 2470 678; baseline -0.007 -19"><span class='ocrx_word' id='word_1_36' title='bbox 365 603 703 678; x_wconf 89' lang='lat' dir='ltr'><strong>baptizatus:</strong></span> <span class='ocrx_word' id='word_1_37' title='bbox 736 609 800 656; x_wconf 91' lang='lat' dir='ltr'><strong>ut</strong></span> <span class='ocrx_word' id='word_1_38' title='bbox 824 600 880 654; x_wconf 93' lang='lat' dir='ltr'><strong>in</strong></span> <span class='ocrx_word' id='word_1_39' title='bbox 905 616 1030 655; x_wconf 92' lang='lat' dir='ltr'><strong>eum</strong></span> <span class='ocrx_word' id='word_1_40' title='bbox 1056 595 1440 653; x_wconf 87' lang='lat' dir='ltr'><strong>decentissime</strong></span> <span class='ocrx_word' id='word_1_41' title='bbox 1466 595 1633 649; x_wconf 89' lang='lat' dir='ltr'><strong>cadat</strong></span> <span class='ocrx_word' id='word_1_42' title='bbox 1656 593 1852 648; x_wconf 92' lang='lat' dir='ltr'><strong>tritum</strong></span> <span class='ocrx_word' id='word_1_43' title='bbox 1876 599 2158 647; x_wconf 88' lang='lat' dir='ltr'><strong>vetustate</strong></span> <span class='ocrx_word' id='word_1_44' title='bbox 2183 609 2410 667; x_wconf 87' lang='lat' dir='ltr'><strong>prover·</strong></span> <span class='ocrx_word' id='word_1_45' title='bbox 2466 656 2470 660; x_wconf 12' lang='grc' dir='ltr'>ᾗ</span> 
     </span>
     <span class='ocr_line' id='line_1_6' title="bbox 362 684 1688 760; baseline -0.008 -13"><span class='ocrx_word' id='word_1_46' title='bbox 362 693 532 760; x_wconf 91' lang='lat' dir='ltr'><strong>bium,</strong></span> <span class='ocrx_word' id='word_1_47' title='bbox 559 691 899 745; x_wconf 88' lang='lat' dir='ltr'><strong>“Mendaces</strong></span> <span class='ocrx_word' id='word_1_48' title='bbox 924 705 1193 743; x_wconf 88' lang='lat' dir='ltr'><strong>memores</strong></span> <span class='ocrx_word' id='word_1_49' title='bbox 1218 703 1337 741; x_wconf 91' lang='lat' dir='ltr'><strong>esse</strong></span> <span class='ocrx_word' id='word_1_50' title='bbox 1363 684 1688 760; x_wconf 84' lang='lat' dir='ltr'><strong>oportere&#39;&#39;?</strong></span> 
     </span>
    </p>

    <p class='ocr_par' dir='ltr' id='par_1_3' title="bbox 358 771 2410 1479">
     <span class='ocr_line' id='line_1_7' title="bbox 401 771 2406 855; baseline -0.005 -18"><span class='ocrx_word' id='word_1_51' title='bbox 401 794 403 796; x_wconf 82' lang='grc'><strong>’</strong></span> <span class='ocrx_word' id='word_1_52' title='bbox 436 781 599 852; x_wconf 88' lang='lat' dir='ltr'><strong>Quid,</strong></span> <span class='ocrx_word' id='word_1_53' title='bbox 640 780 790 855; x_wconf 94' lang='lat' dir='ltr'><strong>quod</strong></span> <span class='ocrx_word' id='word_1_54' title='bbox 829 776 1161 853; x_wconf 88' lang='lat' dir='ltr'><strong>Byzantiam</strong></span> <span class='ocrx_word' id='word_1_55' title='bbox 1197 774 1544 851; x_wconf 89' lang='lat' dir='ltr'><strong>provinciam</strong></span> <span class='ocrx_word' id='word_1_56' title='bbox 1581 780 1748 828; x_wconf 91' lang='lat' dir='ltr'><strong>vocat</strong></span> <span class='ocrx_word' id='word_1_57' title='bbox 1785 772 1937 847; x_wconf 93' lang='lat' dir='ltr'><strong>quod</strong></span> <span class='ocrx_word' id='word_1_58' title='bbox 1976 779 2098 827; x_wconf 92' lang='lat' dir='ltr'><strong>erat</strong></span> <span class='ocrx_word' id='word_1_59' title='bbox 2135 771 2406 846; x_wconf 91' lang='lat' dir='ltr'><strong>oppidum</strong></span> 
     </span>
     <span class='ocr_line' id='line_1_8' title="bbox 359 861 2406 944; baseline -0.004 -19"><span class='ocrx_word' id='word_1_60' title='bbox 359 871 599 926; x_wconf 81' lang='lat' dir='ltr'><strong>nomine¹</strong></span> <span class='ocrx_word' id='word_1_61' title='bbox 624 867 992 944; x_wconf 87' lang='lat' dir='ltr'><strong>Byzantium?</strong></span> <span class='ocrx_word' id='word_1_62' title='bbox 1018 868 1199 920; x_wconf 92' lang='lat' dir='ltr'><strong>Locus</strong></span> <span class='ocrx_word' id='word_1_63' title='bbox 1220 865 1657 939; x_wconf 84' lang='lat' dir='ltr'><strong>haudquaquam</strong></span> <span class='ocrx_word' id='word_1_64' title='bbox 1680 878 1857 937; x_wconf 87' lang='lat' dir='ltr'><strong>capax</strong></span> <span class='ocrx_word' id='word_1_65' title='bbox 1881 868 2074 916; x_wconf 86' lang='lat' dir='ltr'><strong>tantae</strong></span> <span class='ocrx_word' id='word_1_66' title='bbox 2095 861 2251 918; x_wconf 93' lang='lat' dir='ltr'><strong>urbis</strong></span> <span class='ocrx_word' id='word_1_67' title='bbox 2275 877 2406 917; x_wconf 90' lang='lat' dir='ltr'><strong>con-</strong></span> 
     </span>
     <span class='ocr_line' id='line_1_9' title="bbox 362 950 2410 1031; baseline -0.004 -17"><span class='ocrx_word' id='word_1_68' title='bbox 362 960 596 1014; x_wconf 89' lang='lat' dir='ltr'><strong>dendae:</strong></span> <span class='ocrx_word' id='word_1_69' title='bbox 661 974 900 1031; x_wconf 89' lang='lat' dir='ltr'><strong>namque</strong></span> <span class='ocrx_word' id='word_1_70' title='bbox 956 955 1128 1010; x_wconf 91' lang='lat' dir='ltr'><strong>muris</strong></span> <span class='ocrx_word' id='word_1_71' title='bbox 1183 954 1470 1029; x_wconf 90' lang='lat' dir='ltr'><strong>complexa</strong></span> <span class='ocrx_word' id='word_1_72' title='bbox 1527 960 1613 1007; x_wconf 93' lang='lat' dir='ltr'><strong>est</strong></span> <span class='ocrx_word' id='word_1_73' title='bbox 1671 950 2190 1026; x_wconf 89' lang='lat' dir='ltr'><strong>Constantinopolis</strong></span> <span class='ocrx_word' id='word_1_74' title='bbox 2247 958 2410 1006; x_wconf 89' lang='lat' dir='ltr'><strong>vetus</strong></span> 
     </span>
     <span class='ocr_line' id='line_1_10' title="bbox 362 1041 2394 1124; baseline -0.003 -21"><span class='ocrx_word' id='word_1_75' title='bbox 362 1048 718 1124; x_wconf 84' lang='lat' dir='ltr'><strong>Byzantium!</strong></span> <span class='ocrx_word' id='word_1_76' title='bbox 751 1048 826 1101; x_wconf 94' lang='lat' dir='ltr'><strong>Et</strong></span> <span class='ocrx_word' id='word_1_77' title='bbox 844 1046 935 1100; x_wconf 93' lang='lat' dir='ltr'><strong>hic</strong></span> <span class='ocrx_word' id='word_1_78' title='bbox 957 1045 1013 1099; x_wconf 93' lang='lat' dir='ltr'><strong>in</strong></span> <span class='ocrx_word' id='word_1_79' title='bbox 1036 1044 1153 1100; x_wconf 90' lang='lat' dir='ltr'><strong>eius</strong></span> <span class='ocrx_word' id='word_1_80' title='bbox 1174 1044 1385 1118; x_wconf 91' lang='lat' dir='ltr'><strong>optimo</strong></span> <span class='ocrx_word' id='word_1_81' title='bbox 1407 1044 1528 1098; x_wconf 90' lang='lat' dir='ltr'><strong>loco</strong></span> <span class='ocrx_word' id='word_1_82' title='bbox 1553 1042 1633 1097; x_wconf 91' lang='lat' dir='ltr'><strong>ait</strong></span> <span class='ocrx_word' id='word_1_83' title='bbox 1649 1041 1851 1097; x_wconf 90' lang='lat' dir='ltr'><strong>urbem</strong></span> <span class='ocrx_word' id='word_1_84' title='bbox 1875 1058 1995 1096; x_wconf 90' lang='lat' dir='ltr'><strong>esse</strong></span> <span class='ocrx_word' id='word_1_85' title='bbox 2020 1041 2394 1097; x_wconf 80' lang='lat' dir='ltr'><strong>condendam!</strong></span> 
     </span>
     <span class='ocr_line' id='line_1_11' title="bbox 360 1130 2406 1213; baseline -0.004 -19"><span class='ocrx_word' id='word_1_86' title='bbox 360 1138 523 1208; x_wconf 88' lang='lat' dir='ltr'><strong>Quid,</strong></span> <span class='ocrx_word' id='word_1_87' title='bbox 553 1138 702 1213; x_wconf 95' lang='lat' dir='ltr'><strong>quod</strong></span> <span class='ocrx_word' id='word_1_88' title='bbox 731 1134 1070 1203; x_wconf 89' lang='lat' dir='ltr'><strong>Thraciam‚²</strong></span> <span class='ocrx_word' id='word_1_89' title='bbox 1100 1133 1197 1189; x_wconf 93' lang='lat' dir='ltr'><strong>ubi</strong></span> <span class='ocrx_word' id='word_1_90' title='bbox 1225 1132 1470 1208; x_wconf 92' lang='lat' dir='ltr'><strong>positum</strong></span> <span class='ocrx_word' id='word_1_91' title='bbox 1500 1139 1621 1187; x_wconf 90' lang='lat' dir='ltr'><strong>erat</strong></span> <span class='ocrx_word' id='word_1_92' title='bbox 1652 1130 2008 1207; x_wconf 89' lang='lat' dir='ltr'><strong>Byzantium,</strong></span> <span class='ocrx_word' id='word_1_93' title='bbox 2040 1131 2164 1187; x_wconf 90' lang='lat' dir='ltr'><strong>vult</strong></span> <span class='ocrx_word' id='word_1_94' title='bbox 2193 1148 2314 1187; x_wconf 90' lang='lat' dir='ltr'><strong>esse</strong></span> <span class='ocrx_word' id='word_1_95' title='bbox 2346 1131 2406 1186; x_wconf 91' lang='lat' dir='ltr'><strong>in</strong></span> 
     </span>
     <span class='ocr_line' id='line_1_12' title="bbox 360 1221 2408 1300; baseline -0.004 -17"><span class='ocrx_word' id='word_1_96' title='bbox 360 1228 585 1294; x_wconf 91' lang='lat' dir='ltr'><strong>oriente,</strong></span> <span class='ocrx_word' id='word_1_97' title='bbox 625 1243 766 1300; x_wconf 91' lang='lat' dir='ltr'><strong>quae</strong></span> <span class='ocrx_word' id='word_1_98' title='bbox 804 1224 983 1299; x_wconf 89' lang='lat' dir='ltr'><strong>vergit</strong></span> <span class='ocrx_word' id='word_1_99' title='bbox 1021 1224 1093 1278; x_wconf 92' lang='lat' dir='ltr'><strong>ad</strong></span> <span class='ocrx_word' id='word_1_100' title='bbox 1133 1223 1490 1298; x_wconf 81' lang='lat' dir='ltr'><strong>Aquilonem!</strong></span> <span class='ocrx_word' id='word_1_101' title='bbox 1542 1221 1756 1297; x_wconf 92' lang='lat' dir='ltr'><strong>Opinor</strong></span> <span class='ocrx_word' id='word_1_102' title='bbox 1794 1221 2092 1296; x_wconf 83' lang='lat' dir='ltr'><strong>ignorabat</strong></span> <span class='ocrx_word' id='word_1_103' title='bbox 2132 1221 2408 1277; x_wconf 92' lang='lat' dir='ltr'><strong>Constan-</strong></span> 
     </span>
     <span class='ocr_line' id='line_1_13' title="bbox 360 1311 2408 1389; baseline -0.002 -18"><span class='ocrx_word' id='word_1_104' title='bbox 360 1317 508 1371; x_wconf 92' lang='lat' dir='ltr'><strong>tinus</strong></span> <span class='ocrx_word' id='word_1_105' title='bbox 537 1317 719 1370; x_wconf 91' lang='lat' dir='ltr'><strong>locum</strong></span> <span class='ocrx_word' id='word_1_106' title='bbox 749 1331 914 1389; x_wconf 90' lang='lat' dir='ltr'><strong>quem</strong></span> <span class='ocrx_word' id='word_1_107' title='bbox 943 1313 1264 1368; x_wconf 91' lang='lat' dir='ltr'><strong>condendae</strong></span> <span class='ocrx_word' id='word_1_108' title='bbox 1293 1312 1420 1367; x_wconf 94' lang='lat' dir='ltr'><strong>urbi</strong></span> <span class='ocrx_word' id='word_1_109' title='bbox 1449 1312 1745 1387; x_wconf 86' lang='lat' dir='ltr'><strong>delegerat,</strong></span> <span class='ocrx_word' id='word_1_110' title='bbox 1778 1311 1883 1366; x_wconf 93' lang='lat' dir='ltr'><strong>sub</strong></span> <span class='ocrx_word' id='word_1_111' title='bbox 1913 1328 2025 1387; x_wconf 94' lang='lat' dir='ltr'><strong>quo</strong></span> <span class='ocrx_word' id='word_1_112' title='bbox 2057 1311 2212 1366; x_wconf 92' lang='lat' dir='ltr'><strong>caelo</strong></span> <span class='ocrx_word' id='word_1_113' title='bbox 2245 1318 2408 1381; x_wconf 91' lang='lat' dir='ltr'><strong>esset,</strong></span> 
     </span>
     <span class='ocr_line' id='line_1_14' title="bbox 358 1401 1889 1479; baseline -0.002 -20"><span class='ocrx_word' id='word_1_114' title='bbox 358 1406 599 1479; x_wconf 89' lang='lat' dir='ltr'><strong>urbsque</strong></span> <span class='ocrx_word' id='word_1_115' title='bbox 626 1422 696 1458; x_wconf 90' lang='lat' dir='ltr'><strong>an</strong></span> <span class='ocrx_word' id='word_1_116' title='bbox 719 1403 1023 1478; x_wconf 88' lang='lat' dir='ltr'><strong>provincia,</strong></span> <span class='ocrx_word' id='word_1_117' title='bbox 1049 1410 1263 1477; x_wconf 89' lang='lat' dir='ltr'><strong>quanta</strong></span> <span class='ocrx_word' id='word_1_118' title='bbox 1287 1402 1406 1457; x_wconf 93' lang='lat' dir='ltr'><strong>eius</strong></span> <span class='ocrx_word' id='word_1_119' title='bbox 1430 1419 1692 1456; x_wconf 91' lang='lat' dir='ltr'><strong>mensura</strong></span> <span class='ocrx_word' id='word_1_120' title='bbox 1720 1401 1889 1456; x_wconf 81' lang='lat' dir='ltr'><strong>foret!</strong></span> 
     </span>
    </p>
   </div>
   <div class='ocr_carea' id='block_1_3' title="bbox 355 1525 2410 2317">
    <p class='ocr_par' dir='ltr' id='par_1_4' title="bbox 355 1525 2410 2317">
     <span class='ocr_line' id='line_1_15' title="bbox 434 1525 2409 1601; baseline 0 -21"><span class='ocrx_word' id='word_1_121' title='bbox 434 1528 730 1582; x_wconf 86' lang='lat' dir='ltr'><strong>“Ecclesiis</strong></span> <span class='ocrx_word' id='word_1_122' title='bbox 764 1527 1056 1582; x_wconf 92' lang='lat' dir='ltr'><strong>beatorum</strong></span> <span class='ocrx_word' id='word_1_123' title='bbox 1090 1525 1471 1601; x_wconf 89' lang='lat' dir='ltr'><strong>apostolorum</strong></span> <span class='ocrx_word' id='word_1_124' title='bbox 1504 1525 1657 1581; x_wconf 91' lang='lat' dir='ltr'><strong>Petri</strong></span> <span class='ocrx_word' id='word_1_125' title='bbox 1692 1532 1750 1580; x_wconf 92' lang='lat' dir='ltr'><strong>et</strong></span> <span class='ocrx_word' id='word_1_126' title='bbox 1786 1525 1947 1580; x_wconf 93' lang='lat' dir='ltr'><strong>Pauli</strong></span> <span class='ocrx_word' id='word_1_127' title='bbox 1980 1542 2084 1601; x_wconf 91' lang='lat' dir='ltr'><strong>pro</strong></span> <span class='ocrx_word' id='word_1_128' title='bbox 2118 1525 2409 1580; x_wconf 89' lang='lat' dir='ltr'><strong>continua-</strong></span> 
     </span>
     <span class='ocr_line' id='line_1_16' title="bbox 359 1615 2408 1691; baseline -0 -20"><span class='ocrx_word' id='word_1_129' title='bbox 359 1617 506 1671; x_wconf 92' lang='lat' dir='ltr'><strong>tione</strong></span> <span class='ocrx_word' id='word_1_130' title='bbox 549 1616 968 1671; x_wconf 88' lang='lat' dir='ltr'><strong>luminariorum</strong></span> <span class='ocrx_word' id='word_1_131' title='bbox 1007 1615 1421 1690; x_wconf 89' lang='lat' dir='ltr'><strong>possessionum</strong></span> <span class='ocrx_word' id='word_1_132' title='bbox 1464 1615 1697 1691; x_wconf 89' lang='lat' dir='ltr'><strong>praedia</strong></span> <span class='ocrx_word' id='word_1_133' title='bbox 1740 1615 2095 1684; x_wconf 83' lang='lat' dir='ltr'><strong>contulimuS,</strong></span> <span class='ocrx_word' id='word_1_134' title='bbox 2142 1623 2199 1670; x_wconf 94' lang='lat' dir='ltr'><strong>et</strong></span> <span class='ocrx_word' id='word_1_135' title='bbox 2242 1615 2408 1671; x_wconf 90' lang='lat' dir='ltr'><strong>rebus</strong></span> 
     </span>
     <span class='ocr_line' id='line_1_17' title="bbox 358 1705 2410 1781; baseline -0 -21"><span class='ocrx_word' id='word_1_136' title='bbox 358 1706 588 1760; x_wconf 90' lang='lat' dir='ltr'><strong>diversis</strong></span> <span class='ocrx_word' id='word_1_137' title='bbox 640 1724 732 1760; x_wconf 91' lang='lat' dir='ltr'><strong>eas</strong></span> <span class='ocrx_word' id='word_1_138' title='bbox 783 1706 1100 1774; x_wconf 82' lang='lat' dir='ltr'><strong>ditavimuS,</strong></span> <span class='ocrx_word' id='word_1_139' title='bbox 1154 1712 1210 1760; x_wconf 95' lang='lat' dir='ltr'><strong>et</strong></span> <span class='ocrx_word' id='word_1_140' title='bbox 1258 1723 1359 1780; x_wconf 91' lang='lat' dir='ltr'><strong>per</strong></span> <span class='ocrx_word' id='word_1_141' title='bbox 1408 1713 1660 1760; x_wconf 92' lang='lat' dir='ltr'><strong>nostram</strong></span> <span class='ocrx_word' id='word_1_142' title='bbox 1709 1705 2056 1781; x_wconf 90' lang='lat' dir='ltr'><strong>imperialem</strong></span> <span class='ocrx_word' id='word_1_143' title='bbox 2106 1705 2410 1761; x_wconf 90' lang='lat' dir='ltr'><strong>iussionem</strong></span> 
     </span>
     <span class='ocr_line' id='line_1_18' title="bbox 359 1795 2408 1872; baseline 0 -22"><span class='ocrx_word' id='word_1_144' title='bbox 359 1813 572 1850; x_wconf 89' lang='lat' dir='ltr'><strong>sacram</strong></span> <span class='ocrx_word' id='word_1_145' title='bbox 606 1804 720 1850; x_wconf 89' lang='lat' dir='ltr'><strong>tam</strong></span> <span class='ocrx_word' id='word_1_146' title='bbox 756 1795 812 1849; x_wconf 93' lang='lat' dir='ltr'><strong>in</strong></span> <span class='ocrx_word' id='word_1_147' title='bbox 847 1796 1057 1850; x_wconf 92' lang='lat' dir='ltr'><strong>oriente</strong></span> <span class='ocrx_word' id='word_1_148' title='bbox 1092 1813 1263 1870; x_wconf 92' lang='lat' dir='ltr'><strong>quam</strong></span> <span class='ocrx_word' id='word_1_149' title='bbox 1295 1795 1352 1849; x_wconf 93' lang='lat' dir='ltr'><strong>in</strong></span> <span class='ocrx_word' id='word_1_150' title='bbox 1386 1795 1672 1850; x_wconf 89' lang='lat' dir='ltr'><strong>occidente</strong></span> <span class='ocrx_word' id='word_1_151' title='bbox 1707 1812 1880 1871; x_wconf 94' lang='lat' dir='ltr'><strong>quam</strong></span> <span class='ocrx_word' id='word_1_152' title='bbox 1912 1795 2083 1851; x_wconf 91' lang='lat' dir='ltr'><strong>etiam</strong></span> <span class='ocrx_word' id='word_1_153' title='bbox 2117 1813 2152 1850; x_wconf 94' lang='lat' dir='ltr'><strong>a</strong></span> <span class='ocrx_word' id='word_1_154' title='bbox 2189 1803 2408 1872; x_wconf 89' lang='lat' dir='ltr'><strong>septen-</strong></span> 
     </span>
     <span class='ocr_line' id='line_1_19' title="bbox 358 1885 2406 1960; baseline 0.001 -22"><span class='ocrx_word' id='word_1_155' title='bbox 358 1885 534 1939; x_wconf 92' lang='lat' dir='ltr'><strong>trione</strong></span> <span class='ocrx_word' id='word_1_156' title='bbox 576 1894 632 1940; x_wconf 96' lang='lat' dir='ltr'><strong>et</strong></span> <span class='ocrx_word' id='word_1_157' title='bbox 669 1885 1015 1940; x_wconf 88' lang='lat' dir='ltr'><strong>meridionali</strong></span> <span class='ocrx_word' id='word_1_158' title='bbox 1054 1885 1237 1960; x_wconf 83' lang='lat' dir='ltr'><strong>plaga,</strong></span> <span class='ocrx_word' id='word_1_159' title='bbox 1279 1885 1539 1940; x_wconf 91' lang='lat' dir='ltr'><strong>videlicet</strong></span> <span class='ocrx_word' id='word_1_160' title='bbox 1578 1885 1636 1939; x_wconf 92' lang='lat' dir='ltr'><strong>in</strong></span> <span class='ocrx_word' id='word_1_161' title='bbox 1677 1886 1908 1955; x_wconf 86' lang='lat' dir='ltr'><strong>Iudaea,</strong></span> <span class='ocrx_word' id='word_1_162' title='bbox 1955 1885 2209 1955; x_wconf 89' lang='lat' dir='ltr'><strong>Graecia,</strong></span> <span class='ocrx_word' id='word_1_163' title='bbox 2253 1885 2406 1956; x_wconf 88' lang='lat' dir='ltr'><strong>Asia,</strong></span> 
     </span>
     <span class='ocr_line' id='line_1_20' title="bbox 359 1974 2408 2052; baseline 0.002 -24"><span class='ocrx_word' id='word_1_164' title='bbox 359 1975 614 2043; x_wconf 87' lang='lat' dir='ltr'><strong>Thracia,</strong></span> <span class='ocrx_word' id='word_1_165' title='bbox 644 1975 853 2044; x_wconf 84' lang='lat' dir='ltr'><strong>Africa,</strong></span> <span class='ocrx_word' id='word_1_166' title='bbox 885 1983 940 2030; x_wconf 94' lang='lat' dir='ltr'><strong>et</strong></span> <span class='ocrx_word' id='word_1_167' title='bbox 970 1974 1154 2043; x_wconf 89' lang='lat' dir='ltr'><strong>Italia,</strong></span> <span class='ocrx_word' id='word_1_168' title='bbox 1185 1975 1274 2029; x_wconf 92' lang='lat' dir='ltr'><strong>vel</strong></span> <span class='ocrx_word' id='word_1_169' title='bbox 1306 1975 1538 2030; x_wconf 91' lang='lat' dir='ltr'><strong>diversis</strong></span> <span class='ocrx_word' id='word_1_170' title='bbox 1569 1975 1782 2046; x_wconf 91' lang='lat' dir='ltr'><strong>insulis,</strong></span> <span class='ocrx_word' id='word_1_171' title='bbox 1815 1983 2011 2031; x_wconf 90' lang='lat' dir='ltr'><strong>nostra</strong></span> <span class='ocrx_word' id='word_1_172' title='bbox 2038 1977 2298 2052; x_wconf 91' lang='lat' dir='ltr'><strong>largitate</strong></span> <span class='ocrx_word' id='word_1_173' title='bbox 2328 1978 2408 2033; x_wconf 93' lang='lat' dir='ltr'><strong>eis</strong></span> 
     </span>
     <span class='ocr_line' id='line_1_21' title="bbox 358 2065 2407 2144; baseline 0.002 -26"><span class='ocrx_word' id='word_1_174' title='bbox 358 2065 743 2133; x_wconf 80' lang='lat' dir='ltr'><strong>concessimuS,</strong></span> <span class='ocrx_word' id='word_1_175' title='bbox 783 2082 849 2119; x_wconf 92' lang='lat' dir='ltr'><strong>ea</strong></span> <span class='ocrx_word' id='word_1_176' title='bbox 882 2082 1109 2140; x_wconf 91' lang='lat' dir='ltr'><strong>prorsus</strong></span> <span class='ocrx_word' id='word_1_177' title='bbox 1145 2065 1376 2134; x_wconf 91' lang='lat' dir='ltr'><strong>ratione,</strong></span> <span class='ocrx_word' id='word_1_178' title='bbox 1413 2073 1478 2120; x_wconf 93' lang='lat' dir='ltr'><strong>ut</strong></span> <span class='ocrx_word' id='word_1_179' title='bbox 1510 2082 1610 2141; x_wconf 93' lang='lat' dir='ltr'><strong>per</strong></span> <span class='ocrx_word' id='word_1_180' title='bbox 1645 2083 1845 2121; x_wconf 90' lang='lat' dir='ltr'><strong>manus</strong></span> <span class='ocrx_word' id='word_1_181' title='bbox 1882 2066 2192 2122; x_wconf 91' lang='lat' dir='ltr'><strong>beatissimi</strong></span> <span class='ocrx_word' id='word_1_182' title='bbox 2228 2068 2407 2144; x_wconf 92' lang='lat' dir='ltr'><strong>patris</strong></span> 
     </span>
     <span class='ocr_line' id='line_1_22' title="bbox 357 2154 2406 2231; baseline 0.003 -24"><span class='ocrx_word' id='word_1_183' title='bbox 357 2154 530 2208; x_wconf 91' lang='lat' dir='ltr'><strong>nostri</strong></span> <span class='ocrx_word' id='word_1_184' title='bbox 566 2154 812 2209; x_wconf 90' lang='lat' dir='ltr'><strong>Silvestri</strong></span> <span class='ocrx_word' id='word_1_185' title='bbox 846 2154 1045 2209; x_wconf 93' lang='lat' dir='ltr'><strong>summi</strong></span> <span class='ocrx_word' id='word_1_186' title='bbox 1078 2154 1359 2229; x_wconf 90' lang='lat' dir='ltr'><strong>pontificis</strong></span> <span class='ocrx_word' id='word_1_187' title='bbox 1393 2171 1887 2231; x_wconf 89' lang='lat' dir='ltr'><strong>successorumque</strong></span> <span class='ocrx_word' id='word_1_188' title='bbox 1921 2156 2039 2211; x_wconf 94' lang='lat' dir='ltr'><strong>eius</strong></span> <span class='ocrx_word' id='word_1_189' title='bbox 2074 2157 2264 2213; x_wconf 90' lang='lat' dir='ltr'><strong>omnia</strong></span> <span class='ocrx_word' id='word_1_190' title='bbox 2296 2157 2406 2214; x_wconf 93' lang='lat' dir='ltr'><strong>dis-</strong></span> 
     </span>
     <span class='ocr_line' id='line_1_23' title="bbox 355 2244 687 2317; baseline -0.004 -19"><span class='ocrx_word' id='word_1_191' title='bbox 355 2244 687 2317; x_wconf 57' lang='lat' dir='ltr'><strong>ponanturss&#39;</strong></span> 
     </span>
    </p>
   </div>
   <div class='ocr_carea' id='block_1_4' title="bbox 349 2373 2407 3084">
    <p class='ocr_par' dir='ltr' id='par_1_5' title="bbox 349 2373 2407 3084">
     <span class='ocr_line' id='line_1_24' title="bbox 427 2373 2403 2451; baseline 0.004 -24"><span class='ocrx_word' id='word_1_192' title='bbox 427 2373 476 2427; x_wconf 89' lang='lat' dir='ltr'>O</span> <span class='ocrx_word' id='word_1_193' title='bbox 513 2374 764 2428; x_wconf 80' lang='lat' dir='ltr'><strong>furcifer!</strong></span> <span class='ocrx_word' id='word_1_194' title='bbox 811 2374 1180 2444; x_wconf 90' lang='lat' dir='ltr'><strong>Ecclesiaene,</strong></span> <span class='ocrx_word' id='word_1_195' title='bbox 1218 2374 1277 2429; x_wconf 92' lang='lat' dir='ltr'><strong>id</strong></span> <span class='ocrx_word' id='word_1_196' title='bbox 1312 2382 1397 2430; x_wconf 90' lang='lat' dir='ltr'><strong>est</strong></span> <span class='ocrx_word' id='word_1_197' title='bbox 1431 2376 1656 2451; x_wconf 90' lang='lat' dir='ltr'><strong>templa,</strong></span> <span class='ocrx_word' id='word_1_198' title='bbox 1695 2377 1908 2432; x_wconf 90' lang='lat' dir='ltr'><strong>Romae</strong></span> <span class='ocrx_word' id='word_1_199' title='bbox 1946 2386 2108 2433; x_wconf 91' lang='lat' dir='ltr'><strong>erant</strong></span> <span class='ocrx_word' id='word_1_200' title='bbox 2142 2380 2309 2434; x_wconf 92' lang='lat' dir='ltr'><strong>Petro</strong></span> <span class='ocrx_word' id='word_1_201' title='bbox 2346 2386 2403 2434; x_wconf 93' lang='lat' dir='ltr'><strong>et</strong></span> 
     </span>
     <span class='ocr_line' id='line_1_25' title="bbox 355 2464 2401 2535; baseline 0.004 -19"><span class='ocrx_word' id='word_1_202' title='bbox 355 2465 527 2518; x_wconf 89' lang='lat' dir='ltr'><strong>Paulo</strong></span> <span class='ocrx_word' id='word_1_203' title='bbox 550 2464 797 2518; x_wconf 88' lang='lat' dir='ltr'><strong>dicatae?</strong></span> <span class='ocrx_word' id='word_1_204' title='bbox 825 2464 960 2533; x_wconf 88' lang='lat' dir='ltr'><strong>Quis</strong></span> <span class='ocrx_word' id='word_1_205' title='bbox 983 2482 1075 2519; x_wconf 90' lang='lat' dir='ltr'><strong>eas</strong></span> <span class='ocrx_word' id='word_1_206' title='bbox 1099 2471 1443 2520; x_wconf 86' lang='lat' dir='ltr'><strong>exstruxerat</strong></span> <span class='ocrx_word' id='word_1_207' title='bbox 1458 2466 1502 2520; x_wconf 73' lang='lat'><strong>?³</strong></span> <span class='ocrx_word' id='word_1_208' title='bbox 1527 2466 1663 2535; x_wconf 87' lang='lat' dir='ltr'><strong>Quis</strong></span> <span class='ocrx_word' id='word_1_209' title='bbox 1686 2467 1982 2523; x_wconf 87' lang='lat' dir='ltr'><strong>aedificare</strong></span> <span class='ocrx_word' id='word_1_210' title='bbox 2005 2486 2174 2524; x_wconf 87' lang='lat' dir='ltr'><strong>ausus</strong></span> <span class='ocrx_word' id='word_1_211' title='bbox 2202 2469 2401 2524; x_wconf 85' lang='lat' dir='ltr'><strong>fuisset</strong></span> 
     </span>
     <span class='ocr_line' id='line_1_26' title="bbox 357 2554 2407 2628; baseline 0.005 -23"><span class='ocrx_word' id='word_1_212' title='bbox 357 2569 482 2606; x_wconf 91' lang='lat' dir='ltr'><strong>cum</strong></span> <span class='ocrx_word' id='word_1_213' title='bbox 512 2570 787 2628; x_wconf 91' lang='lat' dir='ltr'><strong>nusquam</strong></span> <span class='ocrx_word' id='word_1_214' title='bbox 820 2554 980 2623; x_wconf 81' lang='lat' dir='ltr'><strong>foret,</strong></span> <span class='ocrx_word' id='word_1_215' title='bbox 1010 2562 1076 2609; x_wconf 92' lang='lat' dir='ltr'><strong>ut</strong></span> <span class='ocrx_word' id='word_1_216' title='bbox 1103 2554 1336 2610; x_wconf 89' lang='lat' dir='ltr'><strong>historia</strong></span> <span class='ocrx_word' id='word_1_217' title='bbox 1369 2555 1465 2626; x_wconf 89' lang='lat' dir='ltr'><strong>ait,</strong></span> <span class='ocrx_word' id='word_1_218' title='bbox 1499 2556 1833 2619; x_wconf 88' lang='lat' dir='ltr'><strong>Christianis</strong></span> <span class='ocrx_word' id='word_1_219' title='bbox 1865 2558 2020 2614; x_wconf 93' lang='lat' dir='ltr'><strong>locus</strong></span> <span class='ocrx_word' id='word_1_220' title='bbox 2053 2560 2161 2614; x_wconf 89' lang='lat' dir='ltr'><strong>nisi</strong></span> <span class='ocrx_word' id='word_1_221' title='bbox 2192 2568 2407 2615; x_wconf 90' lang='lat' dir='ltr'><strong>secreta</strong></span> 
     </span>
     <span class='ocr_line' id='line_1_27' title="bbox 352 2642 2400 2726; baseline 0.005 -31"><span class='ocrx_word' id='word_1_222' title='bbox 352 2650 407 2695; x_wconf 94' lang='lat' dir='ltr'><strong>et</strong></span> <span class='ocrx_word' id='word_1_223' title='bbox 432 2642 709 2697; x_wconf 84' lang='lat' dir='ltr'><strong>latebrae?</strong></span> <span class='ocrx_word' id='word_1_224' title='bbox 738 2643 853 2698; x_wconf 92' lang='lat' dir='ltr'><strong>Aut</strong></span> <span class='ocrx_word' id='word_1_225' title='bbox 878 2643 925 2699; x_wconf 91' lang='lat' dir='ltr'><strong>si</strong></span> <span class='ocrx_word' id='word_1_226' title='bbox 950 2660 1064 2719; x_wconf 90' lang='lat' dir='ltr'><strong>qua</strong></span> <span class='ocrx_word' id='word_1_227' title='bbox 1087 2645 1297 2720; x_wconf 92' lang='lat' dir='ltr'><strong>templa</strong></span> <span class='ocrx_word' id='word_1_228' title='bbox 1322 2646 1537 2701; x_wconf 93' lang='lat' dir='ltr'><strong>Romae</strong></span> <span class='ocrx_word' id='word_1_229' title='bbox 1564 2646 1803 2703; x_wconf 86' lang='lat' dir='ltr'><strong>fuissent</strong></span> <span class='ocrx_word' id='word_1_230' title='bbox 1829 2647 1938 2703; x_wconf 92' lang='lat' dir='ltr'><strong>illis</strong></span> <span class='ocrx_word' id='word_1_231' title='bbox 1965 2648 2154 2704; x_wconf 92' lang='lat' dir='ltr'><strong>dicata</strong></span> <span class='ocrx_word' id='word_1_232' title='bbox 2177 2658 2400 2726; x_wconf 92' lang='lat' dir='ltr'><strong>aposto-</strong></span> 
     </span>
     <span class='ocr_line' id='line_1_28' title="bbox 351 2731 2400 2810; baseline 0.005 -26"><span class='ocrx_word' id='word_1_233' title='bbox 351 2731 434 2800; x_wconf 86' lang='lat' dir='ltr'><strong>lis,</strong></span> <span class='ocrx_word' id='word_1_234' title='bbox 458 2749 568 2786; x_wconf 93' lang='lat' dir='ltr'><strong>non</strong></span> <span class='ocrx_word' id='word_1_235' title='bbox 590 2740 748 2787; x_wconf 88' lang='lat' dir='ltr'><strong>erant</strong></span> <span class='ocrx_word' id='word_1_236' title='bbox 770 2732 936 2808; x_wconf 87' lang='lat' dir='ltr'><strong>digna</strong></span> <span class='ocrx_word' id='word_1_237' title='bbox 957 2733 1015 2787; x_wconf 91' lang='lat' dir='ltr'><strong>in</strong></span> <span class='ocrx_word' id='word_1_238' title='bbox 1035 2734 1238 2808; x_wconf 90' lang='lat' dir='ltr'><strong>quibus</strong></span> <span class='ocrx_word' id='word_1_239' title='bbox 1260 2742 1419 2790; x_wconf 91' lang='lat' dir='ltr'><strong>tanta</strong></span> <span class='ocrx_word' id='word_1_240' title='bbox 1439 2736 1737 2792; x_wconf 92' lang='lat' dir='ltr'><strong>luminaria</strong></span> <span class='ocrx_word' id='word_1_241' title='bbox 1759 2739 2218 2810; x_wconf 90' lang='lat' dir='ltr'><strong>accenderentur;</strong></span> <span class='ocrx_word' id='word_1_242' title='bbox 2251 2741 2400 2796; x_wconf 90' lang='lat' dir='ltr'><strong>aedi-</strong></span> 
     </span>
     <span class='ocr_line' id='line_1_29' title="bbox 353 2821 2401 2903; baseline 0.006 -29"><span class='ocrx_word' id='word_1_243' title='bbox 353 2821 508 2875; x_wconf 92' lang='lat' dir='ltr'><strong>culae</strong></span> <span class='ocrx_word' id='word_1_244' title='bbox 559 2838 766 2891; x_wconf 89' lang='lat' dir='ltr'><strong>sacrae,</strong></span> <span class='ocrx_word' id='word_1_245' title='bbox 816 2839 928 2877; x_wconf 93' lang='lat' dir='ltr'><strong>non</strong></span> <span class='ocrx_word' id='word_1_246' title='bbox 979 2824 1167 2893; x_wconf 89' lang='lat' dir='ltr'><strong>aedes;</strong></span> <span class='ocrx_word' id='word_1_247' title='bbox 1229 2825 1449 2894; x_wconf 86' lang='lat' dir='ltr'><strong>sacella,</strong></span> <span class='ocrx_word' id='word_1_248' title='bbox 1500 2843 1613 2881; x_wconf 91' lang='lat' dir='ltr'><strong>non</strong></span> <span class='ocrx_word' id='word_1_249' title='bbox 1665 2828 1897 2903; x_wconf 85' lang='lat' dir='ltr'><strong>templa3</strong></span> <span class='ocrx_word' id='word_1_250' title='bbox 1959 2830 2207 2885; x_wconf 90' lang='lat' dir='ltr'><strong>oratoria</strong></span> <span class='ocrx_word' id='word_1_251' title='bbox 2256 2830 2401 2886; x_wconf 93' lang='lat' dir='ltr'><strong>inter</strong></span> 
     </span>
     <span class='ocr_line' id='line_1_30' title="bbox 349 2910 2402 2996; baseline 0.007 -34"><span class='ocrx_word' id='word_1_252' title='bbox 349 2910 597 2984; x_wconf 90' lang='lat' dir='ltr'><strong>privatos</strong></span> <span class='ocrx_word' id='word_1_253' title='bbox 615 2911 872 2986; x_wconf 83' lang='lat' dir='ltr'><strong>parieteS,</strong></span> <span class='ocrx_word' id='word_1_254' title='bbox 893 2930 1005 2967; x_wconf 93' lang='lat' dir='ltr'><strong>non</strong></span> <span class='ocrx_word' id='word_1_255' title='bbox 1025 2913 1252 2988; x_wconf 91' lang='lat' dir='ltr'><strong>publica</strong></span> <span class='ocrx_word' id='word_1_256' title='bbox 1272 2915 1520 2970; x_wconf 89' lang='lat' dir='ltr'><strong>delubra.</strong></span> <span class='ocrx_word' id='word_1_257' title='bbox 1542 2917 1675 2971; x_wconf 93' lang='lat' dir='ltr'><strong>Non</strong></span> <span class='ocrx_word' id='word_1_258' title='bbox 1697 2935 1826 2993; x_wconf 90' lang='lat' dir='ltr'><strong>ergo</strong></span> <span class='ocrx_word' id='word_1_259' title='bbox 1849 2925 1980 2974; x_wconf 90' lang='lat' dir='ltr'><strong>ante</strong></span> <span class='ocrx_word' id='word_1_260' title='bbox 2002 2936 2138 2975; x_wconf 92' lang='lat' dir='ltr'><strong>cura</strong></span> <span class='ocrx_word' id='word_1_261' title='bbox 2158 2921 2402 2996; x_wconf 90' lang='lat' dir='ltr'><strong>gerenda</strong></span> 
     </span>
     <span class='ocr_line' id='line_1_31' title="bbox 353 3001 2047 3084; baseline 0.007 -31"><span class='ocrx_word' id='word_1_262' title='bbox 353 3007 471 3055; x_wconf 91' lang='lat' dir='ltr'><strong>erat</strong></span> <span class='ocrx_word' id='word_1_263' title='bbox 497 3001 564 3055; x_wconf 93' lang='lat' dir='ltr'><strong>de</strong></span> <span class='ocrx_word' id='word_1_264' title='bbox 588 3001 951 3058; x_wconf 90' lang='lat' dir='ltr'><strong>luminaribus</strong></span> <span class='ocrx_word' id='word_1_265' title='bbox 979 3003 1329 3078; x_wconf 93' lang='lat' dir='ltr'><strong>templorum,</strong></span> <span class='ocrx_word' id='word_1_266' title='bbox 1355 3022 1526 3080; x_wconf 94' lang='lat' dir='ltr'><strong>quam</strong></span> <span class='ocrx_word' id='word_1_267' title='bbox 1552 3006 1619 3061; x_wconf 94' lang='lat' dir='ltr'><strong>de</strong></span> <span class='ocrx_word' id='word_1_268' title='bbox 1646 3006 1782 3082; x_wconf 89' lang='lat' dir='ltr'><strong>ipsis</strong></span> <span class='ocrx_word' id='word_1_269' title='bbox 1808 3009 2047 3084; x_wconf 91' lang='lat' dir='ltr'><strong>templis.</strong></span> 
     </span>
    </p>
   </div>
   <div class='ocr_carea' id='block_1_5' title="bbox 418 3417 1750 3545">
    <p class='ocr_par' dir='ltr' id='par_1_6' title="bbox 418 3417 1750 3545">
     <span class='ocr_line' id='line_1_32' title="bbox 422 3417 1423 3482; baseline 0.008 -25"><span class='ocrx_word' id='word_1_270' title='bbox 422 3417 441 3444; x_wconf 80' lang='lat'>1</span> <span class='ocrx_word' id='word_1_271' title='bbox 459 3417 627 3458; x_wconf 90' lang='lat' dir='ltr'><strong>Hutten</strong></span> <span class='ocrx_word' id='word_1_272' title='bbox 652 3417 780 3460; x_wconf 91' lang='lat' dir='ltr'><strong>omits</strong></span> <span class='ocrx_word' id='word_1_273' title='bbox 806 3418 1064 3469; x_wconf 87' lang='lat' dir='ltr'><strong>Byzantiam</strong></span> <span class='ocrx_word' id='word_1_274' title='bbox 1096 3452 1106 3462; x_wconf 91' lang='lat'><strong>.</strong></span> <span class='ocrx_word' id='word_1_275' title='bbox 1145 3453 1155 3462; x_wconf 93' lang='lat'>.</span> <span class='ocrx_word' id='word_1_276' title='bbox 1195 3453 1204 3463; x_wconf 93' lang='lat'><strong>.</strong></span> <span class='ocrx_word' id='word_1_277' title='bbox 1235 3422 1423 3482; x_wconf 72' lang='lat' dir='ltr'><strong>nomine.</strong></span> 
     </span>
     <span class='ocr_line' id='line_1_33' title="bbox 418 3485 1750 3545; baseline 0.008 -19"><span class='ocrx_word' id='word_1_278' title='bbox 418 3485 437 3511; x_wconf 83' lang='lat'><strong>2</strong></span> <span class='ocrx_word' id='word_1_279' title='bbox 453 3485 656 3537; x_wconf 88' lang='lat' dir='ltr'><strong>Trachia;</strong></span> <span class='ocrx_word' id='word_1_280' title='bbox 680 3487 791 3538; x_wconf 67' lang='lat' dir='ltr'><strong>MS„</strong></span> <span class='ocrx_word' id='word_1_281' title='bbox 810 3500 859 3529; x_wconf 89' lang='lat' dir='ltr'><strong>so</strong></span> <span class='ocrx_word' id='word_1_282' title='bbox 882 3488 1163 3539; x_wconf 89' lang='lat' dir='ltr'><strong>throughout.</strong></span> <span class='ocrx_word' id='word_1_283' title='bbox 1323 3491 1342 3518; x_wconf 78' lang='grc'><strong>3</strong></span> <span class='ocrx_word' id='word_1_284' title='bbox 1358 3495 1623 3545; x_wconf 82' lang='lat' dir='ltr'><strong>extruxerat3</strong></span> <span class='ocrx_word' id='word_1_285' title='bbox 1651 3494 1750 3538; x_wconf 88' lang='lat' dir='ltr'><strong>MS.</strong></span> 
     </span>
    </p>
   </div>
   <div class='ocr_carea' id='block_1_6' title="bbox 2561 2577 2638 4198">
    <p class='ocr_par' dir='ltr' id='par_1_7' title="bbox 2561 2577 2638 4198">
     <span class='ocr_line' id='line_1_34' title="bbox 2561 2577 2638 4198; baseline 0 0"><span class='ocrx_word' id='word_1_286' title='bbox 2561 2577 2638 4198; x_wconf 95' lang='lat' dir='ltr'><strong> </strong></span> 
     </span>
    </p>
   </div>
  </div>
 </body>
</html>
