2638 4198
407 220 468 268 32
811 201 957 250 THE
991 198 1370 250 DONATION
1405 196 1495 247 OF
1532 193 1860 246 CONSTAN
1861 192 1990 242 TIN
1993 192 2037 241 E

405 314 558 390 quod
597 313 670 368 ab
710 329 837 387 rege
876 310 1063 386 aliquo
1103 316 1203 364 aut
1240 307 1448 384 populo
1490 306 1723 382 legimus
1762 303 2058 360 nonnullos
2100 298 2450 377 praepositos

407 420 575 478 regno
597 410 696 457 aut
716 401 965 470 urbibus,
990 399 1050 454 id
1074 398 1287 453 factum
1308 404 1394 452 est
1416 414 1528 451 non
1551 396 1619 450 de
1642 394 1825 470 prima
1847 409 1950 448 nec
1974 393 2043 447 de
2065 390 2326 458 maxima,
2352 388 2451 443 sed

407 493 476 547 de
519 498 801 566 postrema
845 488 1254 564 quodammodo
1301 502 1367 540 ac
1410 485 1641 539 minima
1685 482 1902 558 imperii
1945 489 2123 557 parte,
2170 487 2340 554 atque
2385 494 2452 532 ea

407 580 619 635 ratione
649 587 713 634 ut
741 579 1041 633 donantem
1069 576 1166 651 qui
1195 576 1434 630 donatus
1463 581 1548 629 est
1576 572 1737 648 quasi
1767 571 2054 626 dominum
2086 577 2143 624 et
2173 586 2231 624 se
2261 567 2477 621 minis--

406 678 554 724 trum
581 668 726 722 illius
754 683 968 742 semper
996 671 1334 740 agnosceret.

408 759 410 761 ’
478 759 537 812 N
538 774 646 811 unc
669 773 892 831 quaeSO,
917 772 1098 809 nonne
1122 753 1340 808 abiecto
1362 752 1548 807 animo
1571 759 1626 806 et
1649 750 1876 804 minime
1900 765 2167 824 generoso
2191 747 2452 802 videntur

406 864 541 915 esse,
568 846 663 921 qui
691 845 989 920 opinantur
1018 842 1449 898 Constantinum
1477 840 1760 895 meliorem
1787 857 1822 894 a
1846 856 1906 894 se
1933 837 2151 913 imperii
2180 837 2452 892 alienasse

404 938 652 1010 partem?
683 935 742 988 N
744 952 816 988 on
846 933 970 988 dico
1000 934 1255 1000 Romam,
1285 930 1619 1004 Italiamque
1649 937 1705 983 et
1733 936 1935 997 cetera,
1965 928 2064 982 sed
2095 926 2324 995 Gallias,
2353 925 2452 980 ubi

406 1025 522 1099 ipse
556 1023 766 1099 proelia
801 1029 1062 1097 gesserat,
1098 1020 1197 1075 ubi
1234 1020 1413 1075 solum
1451 1019 1546 1074 diu
1584 1018 1902 1073 dominatus
1942 1017 2143 1086 fuerat,
2181 1015 2280 1071 ubi
2317 1031 2451 1071 suae

403 1113 576 1187 gloria
596 1112 791 1187 suique
811 1111 1025 1186 imperii
1047 1109 1362 1164 rudimenta
1380 1115 1661 1183 posuerat.
1683 1107 2001 1176 Hominem,
2025 1106 2122 1182 qui
2144 1105 2452 1181 cupiditate

405 1201 724 1257 dominandi
751 1200 1068 1254 nationibus
1095 1199 1241 1253 bella
1268 1197 1562 1266 intulisset,
1590 1196 1768 1252 socios
1796 1196 2100 1271 affinesque
2125 1196 2272 1251 bello
2302 1194 2452 1249 civili

403 1298 723 1366 persecutus
760 1289 989 1364 imperio
1023 1288 1321 1363 privasset3
1368 1286 1458 1341 cui
1495 1287 1744 1341 nondum
1775 1285 2123 1361 perdomitae
2160 1302 2226 1340 ac
2262 1284 2451 1360 profli-

405 1388 567 1454 gatae
591 1378 852 1453 reliquiae
876 1385 1060 1432 essent
1084 1376 1311 1431 alterius
1339 1376 1616 1444 factioniS,
1642 1375 1739 1450 qui
1762 1392 1889 1429 cum
1914 1375 2105 1430 multis
2129 1374 2452 1429 nationibus

403 1469 547 1523 bella
571 1486 757 1542 gerere
782 1485 892 1522 non
916 1467 1080 1522 modo
1104 1467 1305 1521 soleret
1330 1483 1427 1541 spe
1453 1465 1660 1540 gloriae
1685 1465 2013 1540 imperiique
2039 1465 2137 1520 sed
2163 1464 2334 1531 etiam
2358 1482 2452 1519 ne-

406 1575 555 1612 cesse
579 1558 824 1625 haberet,
850 1563 1043 1631 utpote
1068 1556 1336 1630 quotidie1
1364 1573 1398 1610 a
1422 1555 1676 1610 barbaris
1701 1555 2015 1624 lacessitus;
2053 1554 2150 1630 qui
2175 1555 2322 1623 filiis,
2351 1553 2449 1630 qui

405 1647 710 1702 coniunctis
739 1646 1021 1720 sanguine,
1050 1646 1145 1720 qui
1175 1645 1455 1700 amicitiis²
1486 1646 1820 1715 abundaret;
1860 1645 1957 1720 qui
1985 1653 2244 1701 senatum
2270 1663 2448 1722 popu-

401 1738 623 1811 lumque
655 1737 970 1790 Romanum
999 1735 1128 1789 huic
1160 1735 1311 1790 facto
1342 1743 1780 1810 repugnaturum
1807 1743 1998 1791 nosset
2008 1754 2020 1805 ;
2062 1736 2160 1812 qui
2190 1744 2451 1813 expertus

403 1833 547 1880 esset
570 1825 989 1880 instabilitatem
1011 1824 1285 1880 victarum
1310 1825 1617 1896 nationum,
1644 1833 1701 1880 et
1725 1826 1797 1880 ad
1819 1843 2041 1881 omnem
2067 1826 2183 1881 fere
2209 1826 2452 1881 Romani

398 1915 661 1990 principis
696 1915 1060 1969 mutationem
1097 1915 1507 1984 rebellantium3
1554 1915 1651 1990 qui
1687 1933 1747 1971 se
1780 1916 2126 1972 meminisset
2158 1934 2312 1972 more
2350 1917 2449 1972 ali-

399 2022 557 2059 orum
600 2004 918 2073 Caesarum,
960 2022 1071 2059 non
1114 2004 1380 2060 electione
1418 2013 1646 2080 patrum
1686 2021 2071 2081 consensuque
2109 2006 2307 2082 plebis,
2349 2008 2450 2063 sed

399 2094 656 2162 exercitu,
689 2094 873 2163 armis,
903 2094 1049 2149 bello
1080 2094 1427 2149 dominatum
1457 2111 1782 2170 occupasse;
1825 2113 1970 2171 quae
2003 2103 2121 2151 tam
2150 2097 2450 2153 vehemens

399 2199 568 2237 causa
599 2191 654 2237 et
683 2201 883 2258 urgens
914 2184 1124 2254 aderat,
1155 2191 1218 2238 ut
1248 2184 1357 2239 ista
1387 2184 1688 2260 negligeret
1718 2193 1775 2240 et
1807 2193 1968 2241 tanta
1997 2186 2333 2243 liberalitate
2363 2187 2449 2243 uti

398 2273 595 2327 vellet?

476 2362 664 2430 Aiunt,
703 2362 835 2437 quia
872 2362 1100 2418 effectus
1138 2370 1258 2418 erat
1296 2363 1665 2420 Christianus.
1706 2366 1927 2440 Ergone
1965 2367 2194 2442 Imperii
2232 2368 2446 2444 optima

397 2459 554 2525 parte
575 2469 633 2506 se
656 2452 972 2507 abdicaret?
999 2452 1181 2507 Credo
1203 2454 1382 2509 scelus
1404 2462 1540 2524 erat,
1562 2455 1853 2530 flagitium,
1876 2456 2038 2512 nefas
2061 2458 2173 2512 iam
2198 2476 2447 2533 regnare,

399 2557 500 2594 nec
540 2557 666 2594 cum
708 2541 1027 2596 Christiana
1067 2542 1329 2617 religione
1369 2543 1628 2619 coniungi
1667 2553 1891 2620 poterat
1930 2551 2185 2622 regnum!
2238 2549 2348 2619 Qui
2389 2549 2447 2604 in

402 2630 672 2684 adulterio
706 2638 851 2699 sunt,
884 2631 981 2707 qui
1012 2632 1195 2687 usuris
1228 2649 1344 2687 rem
1376 2642 1665 2704 auxerunt,
1700 2635 1796 2710 qui
1829 2636 2011 2691 aliena
2041 2638 2347 2713 possident,
2381 2640 2443 2693 ii3

397 2727 522 2793 post
554 2720 892 2794 baptismum
923 2721 1160 2776 alienam
1191 2739 1436 2792 uxorem,
1470 2724 1711 2779 alienam
1738 2726 2051 2801 pecuniam,
2084 2728 2267 2784 aliena
2297 2730 2448 2786 bona
2496 2729 2498 2731 ’
2577 2731 2580 2734 ’
2624 2729 2627 2736 ⁴

397 2809 623 2863 reddere
645 2810 839 2864 solent.
861 2811 1025 2865 Hanc
1048 2811 1439 2886 cogitationem
1461 2813 1507 2868 si
1527 2813 1718 2884 habes,
1743 2815 2129 2888 Constantine,
2154 2819 2447 2877 restituere

397 2898 627 2953 urbibus
666 2899 995 2969 libertatem,
1034 2918 1146 2955 non
1184 2910 1401 2958 mutare
1439 2903 1726 2959 dominum
1765 2906 1951 2962 debes.
1994 2907 2102 2963 Sed
2140 2927 2254 2964 non
2292 2910 2350 2966 id
2387 2911 2446 2966 in

464 3455 485 3483 ¹
501 3457 713 3507 quottidie
725 3471 735 3509 ;
763 3458 859 3501 MS.
1082 3461 1101 3487 ²
1117 3461 1262 3503 amicis
1274 3475 1284 3513 ;
1311 3463 1493 3506 Hutten.
1780 3467 1799 3495 3
1815 3467 1882 3520 hi;
1908 3469 2091 3514 Hutten.
