2638 4198
677 619 854 683 THE
897 616 1350 682 DONATION
1394 615 1504 681 OF
1545 613 2160 680 CONSTANTINE

386 770 484 842 'AS
509 787 751 842 GIVEN
772 786 862 841 IN
883 785 1043 838 THE
1066 783 1511 838 DECRETUM
1536 781 1889 837 GRATIAN
1892 781 1920 834 I
1952 777 2447 850 (CONCORDIA
2588 787 2593 795 ⁴

830 886 1497 942 DISCORDANTIUM
1550 884 1707 940 CAN
1710 884 1820 939 ΟΝ
1823 884 2008 952 UM)²
2565 882 2568 885 ’

823 1073 1078 1127 PRIMA
1107 1072 1296 1127 PARS
1327 1070 1788 1127 DISTINCTIO
1818 1070 2010 1125 XCVI

1293 1241 1553 1306 [PALEA.

890 1382 1304 1432 CAPITULUM
1335 1381 1490 1430 xm.
1522 1381 1620 1429 DE
1651 1380 1945 1429 EODEM.2

639 1520 747 1575 ΟΝ
752 1520 1094 1575 STANTIN
1097 1519 1188 1574 US
1227 1518 1529 1594 imperator
1568 1535 1848 1588 coronam,
1887 1524 1944 1572 et
1979 1535 2201 1572 omnem
2239 1517 2448 1592 regiam

409 1521 615 1744 C
656 1610 982 1684 dignitatem
1018 1609 1076 1662 in
1111 1609 1250 1663 urbe
1289 1610 1562 1677 Romana,
1600 1616 1656 1663 et
1691 1608 1749 1661 in
1785 1607 1969 1677 Italia,
2009 1615 2065 1663 et
2100 1607 2159 1661 in
2191 1607 2446 1683 partibus

654 1699 1088 1754 occidentalibus
1137 1698 1461 1773 Apostolico
1510 1698 1801 1752 concessit.
1851 1699 2004 1752 Nam
2053 1697 2112 1751 in
2160 1697 2329 1772 gestis
2380 1698 2444 1751 B.

396 1789 643 1844 Silvestri
683 1790 819 1864 (que
854 1789 919 1843 B.
953 1789 1107 1863 Papa
1141 1788 1395 1843 Gelasius
1426 1787 1484 1842 in
1514 1787 1749 1842 concilio
1779 1789 1962 1842 LXX.
1995 1787 2383 1863 episcoporum
2414 1805 2447 1841 a

392 1878 677 1934 catholicis
702 1878 808 1953 legi
835 1885 1248 1948 commemorat,
1275 1886 1332 1933 et
1354 1895 1457 1953 pro
1482 1877 1715 1953 antiquo
1740 1894 1846 1932 usu
1873 1878 2078 1932 multas
2104 1877 2213 1932 hoc
2238 1876 2445 1932 imitari

392 1968 527 2023 dicit
552 1968 839 2037 ecclesias)
875 1968 955 2023 ita
980 1964 1243 2043 legitur:]

1292 2207 1553 2272 [PALEA.

1084 2346 1142 2397 c,
1170 2347 1315 2397 xiv.
1346 2347 1446 2396 DE
1475 2346 1748 2396 EODEM.

552 2486 661 2541 ΟΝ
665 2486 862 2541 STAN
865 2486 1102 2541 TINUS
1141 2486 1444 2561 imperator
1480 2494 1684 2561 quarta
1719 2485 1809 2541 die
1847 2485 1934 2542 sui
1969 2485 2236 2561 baptismi
2274 2485 2443 2562 privi-

577 2575 782 2650 legium
811 2577 1098 2631 Romanae
1126 2576 1391 2631 ecclesiae
1418 2575 1678 2631 Pontifici
1706 2575 1959 2645 contulit,
1987 2583 2052 2631 ut
2077 2575 2137 2630 in
2163 2583 2282 2631 toto
2310 2576 2443 2631 orbe

393 2667 647 2720 Romano
680 2666 994 2721 sacerdotes
1027 2665 1108 2720 ita
1136 2666 1286 2720 hunc
1319 2673 1489 2742 caput
1519 2665 1782 2735 habeant,
1818 2665 1964 2721 sicut
1996 2665 2206 2721 iudices
2240 2683 2440 2741 regem.

465 3320 484 3346 1
502 3317 671 3370 Corpus
694 3318 804 3360 Iuris
828 3318 1050 3371 Canonici,
1071 3319 1137 3361 ed.
1159 3318 1364 3361 Aemilius
1389 3319 1632 3371 Friedberg,
1656 3319 1835 3372 Leipsic,
1861 3324 1979 3372 1879,
2002 3321 2090 3363 vol.
2113 3321 2150 3372 1,
2164 3314 2216 3373 ἰ).
2241 3334 2335 3373 342.

465 3388 484 3415 2
500 3387 592 3430 The
618 3388 785 3439 subject
814 3388 863 3430 of
888 3401 947 3430 cc.
973 3387 1016 3430 xi
1042 3389 1130 3430 and
1155 3388 1213 3430 xii
1239 3388 1296 3440 is;
1327 3389 1615 3441 Imperatores
1644 3390 1802 3432 debent
1829 3390 2112 3433 Pontificibus
2140 3391 2324 3443 subesse,
2351 3405 2440 3435 non

392 3469 568 3514 preesse.
599 3457 723 3505 [Ed.]
