2638 4198
390 235 450 283 92
794 215 940 265 THE
975 213 1353 265 DONATION
1388 211 1479 262 OF
1516 210 2024 262 CONSTANTINE

391 346 648 404 arrogare
683 327 908 402 fingitur
942 325 1361 394 ConstantinuS,
1396 330 1453 378 et
1484 321 1691 378 imitari
1723 322 1866 377 velle
1899 338 2212 377 sermonem
2245 337 2437 378 sacrae

393 418 724 494 Scripturae,
748 433 914 492 quem
938 431 1243 490 numquam
1266 414 1491 488 legerat.

466 548 686 623 “Atque
707 548 1063 602 decernentes
1087 544 1383 615 sancimus,
1408 550 1472 598 ut
1493 542 1871 618 principatum
1894 547 2100 611 teneat,
2125 547 2245 596 tam
2269 558 2437 618 super

391 645 631 712 quatuor
691 637 852 691 sedes
908 633 1359 703 Alexandrinam,
1421 631 1846 700 Antiochenam,
1911 630 2456 702 Ierosolimitanam,

392 725 1084 800 Constantinopolitanam,
1115 740 1286 799 quam
1313 722 1483 778 etiam
1509 738 1675 797 super
1703 737 1895 776 omnes
1923 719 1982 774 in
2010 719 2274 776 universo
2301 721 2437 777 orbe

390 823 663 870 terrarum
701 815 810 869 Dei
849 813 1131 882 ecclesias;
1180 812 1350 867 etiam
1384 810 1656 886 pontifex,
1696 809 1794 885 qui
1827 826 1929 885 per
1967 817 2222 885 tempora
2260 809 2437 886 ipsius

390 911 775 959 sacrosanctae
830 904 1117 957 Romanae
1174 901 1438 957 ecclesiae
1494 899 1754 969 extiterit,
1810 898 2008 954 celsior
2064 906 2122 955 et
2174 899 2436 976 princeps

389 993 601 1048 cunctis
630 993 1010 1048 sacerdotibus
1039 999 1096 1046 et
1124 991 1296 1046 totius
1325 990 1519 1045 mundi
1549 990 1767 1058 existat,
1799 996 1856 1044 et
1885 988 2004 1044 eius
2036 988 2260 1059 iudicio,
2290 1006 2437 1065 quae

388 1084 459 1137 ad
487 1083 697 1137 cultum
724 1081 833 1136 Dei
862 1089 917 1136 et
946 1081 1113 1136 fidem
1145 1080 1590 1135 Christianorum
1619 1080 1708 1134 vel
1737 1078 2103 1134 stabilitatem
2131 1095 2436 1155 procuran-

386 1174 513 1227 dam
541 1172 763 1240 fuerint,
791 1171 1232 1245 disponantur.''1

460 1316 671 1370 Omitto
704 1315 794 1377 hic
827 1315 1141 1370 barbariem
1176 1314 1462 1384 sermonis,
1497 1315 1649 1389 quod
1685 1314 1979 1389 “princeps
2012 1313 2434 1370 sacerdotibus’'

383 1423 484 1479 pro
509 1405 929 1460 “sacerdotum''
953 1404 1107 1474 dixit,
1133 1412 1188 1459 et
1209 1406 1360 1479 quod
1382 1405 1438 1458 in
1464 1405 1658 1459 eodem
1680 1405 1804 1459 1000
1823 1404 2014 1479 posuit
2037 1403 2354 1460 “extiterit''
2379 1410 2438 1460 et

386 1495 675 1563 “existat‚''
717 1501 788 1562 et,
830 1511 957 1548 cum
1000 1494 1200 1549 dixerit
1241 1494 1333 1548 “in
1373 1494 1634 1549 universo
1679 1495 1813 1549 orbe
1856 1495 2187 1564 terrarum,''
2230 1494 2434 1550 iterum

384 1584 540 1638 addit
569 1584 774 1639 “totius
803 1584 1050 1653 mundi,''
1081 1584 1241 1659 quasi
1269 1584 1537 1659 quiddam
1566 1584 1865 1654 diversum,
1897 1593 1997 1641 aut
2023 1587 2257 1656 caelum,
2288 1604 2433 1662 quae

382 1673 573 1727 mundi
610 1691 741 1748 pars
780 1681 880 1742 est,
921 1674 1214 1749 complecti
1253 1674 1404 1743 velit,
1445 1691 1574 1729 cum
1609 1675 1760 1730 bona
1796 1692 1930 1751 pars
1966 1675 2118 1731 orbis
2156 1683 2434 1732 terrarum

382 1763 485 1818 sub
513 1764 694 1817 Roma
717 1781 828 1817 non
854 1771 1015 1833 esset,
1042 1771 1099 1819 et
1124 1765 1275 1839 quod
1302 1764 1506 1819 “fidem
1533 1764 2036 1836 Christianorum,''
2067 1766 2192 1822 “vel
2219 1767 2432 1823 stabili-

382 1860 553 1907 tatem
581 1854 1044 1926 procurandam,''
1075 1861 1365 1929 tamquam
1393 1872 1505 1909 non
1533 1863 1765 1930 possent
1793 1855 1957 1911 simul
1987 1874 2125 1927 esse,
2159 1856 2431 1928 distinxit,

382 1950 438 1996 et
478 1943 628 2017 quod
671 1943 1036 1998 “decernere''
1078 1951 1135 1998 et
1174 1944 1462 1999 “sancire''
1504 1944 1746 2015 miscuit,
1789 1954 1845 2000 et
1886 1946 2061 2001 veluti
2103 1947 2261 2023 prius
2304 1963 2432 2002 cum

382 2031 577 2086 ceteris
610 2032 1013 2088 Constantinus
1045 2051 1157 2088 non
1189 2033 1506 2105 iudicasset,
1542 2036 1838 2091 decernere
1870 2054 1998 2091 eum
2031 2044 2103 2106 et,
2141 2044 2433 2113 tamquam

376 2138 613 2195 poenam
630 2130 923 2197 proponat,
947 2123 1177 2193 sancire,
1201 2131 1257 2179 et
1277 2124 1502 2199 quidem
1524 2142 1639 2180 una
1657 2142 1786 2180 cum
1804 2127 2012 2202 populo
2035 2127 2251 2183 sancire
2276 2127 2429 2183 facit.

382 2210 517 2280 Quis
550 2211 657 2266 hoc
691 2212 1041 2268 Christianus
1074 2213 1194 2289 pati
1230 2222 1416 2289 queat,
1453 2222 1510 2270 et
1540 2233 1653 2270 non
1686 2233 1911 2292 papam,
1945 2218 2043 2293 qui
2074 2218 2184 2274 hoc
2215 2219 2431 2295 patitur

380 2317 445 2354 ac
470 2300 645 2355 libens
672 2301 829 2357 audit
851 2310 907 2357 et
930 2303 1143 2373 recitat,
1171 2304 1420 2359 censorie
1442 2322 1742 2381 severeque
1768 2307 2019 2383 castiget,
2046 2310 2215 2384 quod,
2242 2326 2372 2365 cum
2396 2329 2432 2366 a

381 2390 603 2445 Christo
624 2391 925 2465 primatum
948 2393 1224 2469 acceperit
1248 2395 1507 2450 Romana
1528 2397 1687 2451 sedes
1711 2403 1768 2451 et
1789 2397 1863 2466 id,
1890 2398 2161 2454 Gratiano
2186 2407 2430 2457 testante

378 2480 675 2555 multisque
699 2481 1053 2551 Graecorum,
1076 2490 1276 2538 octava
1299 2486 1545 2560 synodus
1567 2486 1880 2557 declararit,
1905 2489 2185 2564 accepisse
2210 2490 2429 2547 dicatur

441 3480 459 3506 ¹
478 3480 660 3531 Hutten,
682 3482 902 3524 Bonneau.
953 3484 1228 3538 disponatur3
1254 3488 1350 3530 MS.
1374 3502 1505 3533 error.
