2638 4198
346 241 403 290 52
744 221 890 271 THE
925 215 1302 269 DONATION
1336 214 1427 264 OF
1463 200 1969 262 CONSTANTINE

338 335 583 392 habebat
602 341 658 389 et
676 331 940 408 portabat
959 346 1103 405 quae
1125 326 1507 394 mittebantur,
1528 319 1946 398 praevaricatus
1971 325 2079 387 est;
2113 324 2170 372 et
2194 333 2383 372 amore

339 424 622 501 pecuniae,
655 421 744 476 cui
774 424 1110 486 assueverat,
1142 415 1498 490 Magistrum,
1531 409 1856 478 Dominum,
1888 409 2077 462 Deum
2109 413 2167 461 et
2199 422 2383 480 repre-

339 513 534 569 hendit
566 519 623 567 et
651 509 912 586 prodidit.
946 509 1146 581 Itaque
1177 520 1388 572 vereor,
1423 502 1648 570 Caesar,
1680 516 1750 553 ne
1782 515 1872 552 me
1903 515 1970 552 ex
2005 497 2172 551 Petro
2207 494 2383 550 facias

344 604 560 658 Iudam.

417 690 597 745 “Audi
626 688 795 743 etiam
821 686 956 761 quid
985 685 1190 739 Paulus
1220 682 1392 738 dicat:
1433 679 1607 735 ‘Nihil
1636 677 1924 732 intulimus
1956 675 2014 729 in
2042 675 2194 729 hunc
2223 690 2384 728 mun·
2468 731 2475 737 .,

342 781 496 836 dum:
537 778 689 832 haud
720 776 966 844 dubium,
1000 773 1151 848 quod
1184 787 1288 826 nec
1319 770 1541 825 auferre
1574 767 1711 843 quid
1741 781 2056 842 possumus.
2091 764 2384 819 Habentes

342 877 529 924 autem
558 867 835 933 alimenta,
868 871 924 918 et
952 863 1154 938 quibus
1185 869 1454 935 tegamur,
1483 858 1572 913 his
1603 855 1850 912 contenti
1881 854 2071 910 51111115.
2103 854 2258 908 Nam
2287 852 2386 928 qui

345 958 539 1013 volunt
564 956 762 1011 divites
792 953 927 1023 fieri,
955 951 1207 1006 incidunt
1235 950 1292 1004 in
1321 947 1687 1004 tentationem
1716 953 1773 1000 et
1799 945 1857 999 in
1884 945 2149 1019 laqueum
2176 942 2387 998 diaboli

343 1055 399 1102 et
425 1045 696 1101 desideria
723 1043 898 1097 multa
925 1049 982 1096 et
1010 1040 1228 1095 inutilia
1257 1046 1314 1094 et
1341 1037 1555 1107 nociva,
1586 1053 1732 1111 quae
1759 1041 2019 1109 mergunt
2043 1033 2298 1088 homines
2327 1032 2386 1087 in

345 1135 628 1190 interitum
655 1141 710 1187 et
736 1131 1118 1207 perditionem.
1150 1128 1332 1183 Radix
1360 1127 1507 1182 enim
1536 1126 1784 1181 omnium
1811 1125 2088 1178 malorum
2116 1130 2203 1178 est
2232 1122 2386 1199 cupi-

341 1225 501 1291 ditas,
525 1240 694 1298 quam
713 1221 940 1295 quidam
963 1225 1288 1294 appetentes
1312 1223 1638 1272 erraverunt
1658 1233 1693 1270 a
1715 1215 1842 1285 fide,
1868 1221 1925 1268 et
1947 1213 2303 1268 inseruerunt
2326 1230 2385 1268 se

342 1313 620 1368 doloribus
662 1309 866 1365 multis.
910 1310 999 1362 Tu
1042 1315 1246 1376 autem,
1290 1307 1456 1361 homo
1500 1305 1628 1374 Dei,
1672 1304 1813 1359 haec
1859 1303 2025 1378 fuge.'
2070 1304 2147 1358 Et
2189 1309 2253 1358 tu
2295 1320 2385 1357 me

343 1401 589 1475 accipere
618 1399 790 1467 iubeS,
822 1399 1045 1466 Caesar,
1075 1414 1219 1471 quae
1247 1397 1401 1451 velut
1428 1411 1704 1450 venenum
1733 1394 1976 1469 effugere
2004 1393 2204 1448 debeo!

415 1492 524 1544 “Et
551 1489 674 1564 quis
702 1495 1005 1563 praeterea,
1033 1504 1135 1561 pro
1166 1493 1264 1541 tua
1290 1485 1604 1561 prudentia,
1638 1485 1863 1554 Caesar,
1894 1484 2229 1555 considereS,
2259 1484 2386 1560 quis

340 1580 480 1634 inter
507 1579 645 1633 haec
674 1577 876 1633 divinis
905 1577 1069 1631 rebus
1102 1575 1372 1630 faciendis
1404 1576 1591 1630 locus?
1626 1574 1899 1650 Apostoli,
1932 1574 2274 1650 quibusdam
2304 1574 2385 1629 in-

340 1668 693 1743 dignantibus
723 1667 874 1742 quod
902 1666 1103 1721 viduae
1133 1665 1382 1741 ipsorum
1413 1665 1470 1718 in
1501 1664 1810 1719 ministerio
1842 1664 2172 1740 quotidiano
2204 1664 2386 1740 despi-
2431 1694 2433 1696 ·

344 1766 611 1825 cerentur,
655 1757 1057 1831 responderunt
1095 1773 1207 1810 non
1251 1772 1370 1810 esse
1412 1772 1654 1830 aequum
1696 1754 2007 1830 relinquere
2050 1772 2110 1810 se
2151 1755 2387 1810 verbum

341 1847 448 1901 Dei
478 1855 533 1901 et
562 1846 874 1901 ministrare
905 1845 1125 1900 mensis.
1159 1846 1233 1900 Et
1265 1852 1453 1899 tamen
1483 1844 1780 1900 viduarum
1810 1844 2018 1900 mensis
2050 1845 2387 1914 ministrare,

342 1943 550 2011 quanto
591 1935 742 1990 aliud
781 1943 865 1990 est
901 1952 1071 2010 quam
1110 1935 1325 2009 exigere
1362 1934 1673 2010 vectigalia,
1715 1951 1911 1990 curare
1951 1935 2246 2004 aerarium,
2289 1935 2386 1990 sti-

339 2025 599 2100 pendium
631 2042 919 2079 numerare
949 2024 1233 2093 militibus,
1264 2031 1322 2079 et
1349 2024 1497 2079 mille
1527 2024 1651 2079 aliis
1678 2024 1998 2080 huiusmodi
2028 2025 2175 2081 curis
2206 2025 2387 2101 impli-

341 2115 485 2168 cari?
515 2116 711 2168 ‘Nemo
734 2114 977 2168 militans
1002 2115 1125 2168 Deo
1150 2114 1398 2189 implicat
1421 2132 1481 2169 se
1503 2114 1738 2189 negotiis
1763 2115 2179 2184 saecularibus,'
2204 2115 2389 2191 inquit

346 2204 566 2257 Paulus
620 2203 910 2278 Numquid
964 2204 1169 2272 Aaron,
1224 2220 1352 2258 cum
1403 2204 1601 2259 ceteris
1653 2204 1888 2259 Levitici
1943 2205 2175 2279 generis,
2235 2206 2387 2261 aliud

342 2311 509 2368 quam
541 2293 768 2346 Domini
799 2294 1219 2348 tabernaculum
1246 2295 1616 2369 procurabat?
1654 2295 1849 2351 Cuius1
1883 2296 1999 2365 filii,
2034 2295 2168 2371 quia
2197 2296 2383 2372 ignem

344 2381 583 2435 alienum
608 2382 663 2434 in
690 2382 972 2436 thuribula
995 2390 1362 2457 sumpserant,
1391 2383 1505 2458 igni
1530 2384 1754 2439 caelesti
1781 2386 2284 2460 conflagraverunt.
2313 2387 2388 2442 Et

343 2479 403 2525 tu
427 2471 580 2526 iubes
604 2489 704 2526 nos
728 2472 909 2546 ignem
933 2472 1298 2526 saecularium
1322 2473 1659 2543 divitiarum,
1685 2475 1920 2530 vetitum
1946 2493 2012 2531 ac
2036 2476 2381 2551 profanum,²

341 2558 399 2612 in
435 2567 652 2614 sacrata
689 2560 987 2630 thuribula,
1024 2561 1083 2616 id
1118 2569 1204 2616 est
1238 2562 1295 2615 in
1330 2564 1699 2619 sacerdotalia
1733 2582 1904 2639 opera
1939 2570 2179 2622 sumere!
2228 2568 2387 2622 Num

340 2649 587 2716 Eleazar,
639 2666 772 2703 num
826 2649 1077 2719 Phinees,
1129 2667 1265 2705 num
1316 2652 1486 2707 ceteri
1536 2653 1828 2728 pontifices
1882 2655 2235 2732 ministrique
2286 2664 2387 2713 aut

343 2737 684 2792 tabernaculi
718 2747 815 2793 aut
848 2740 1039 2814 templi
1072 2740 1373 2815 quicquam
1403 2742 1511 2797 nisi
1542 2744 1694 2818 quod
1726 2745 1799 2799 ad
1831 2763 1949 2800 rem
1982 2747 2231 2804 divinam
2260 2766 2385 2825 per-

340 2826 539 2882 tineret
563 2827 1064 2883 administrabant?
1089 2830 1574 2888 Administrabant
1599 2833 1756 2889 dico?
1787 2836 1969 2891 Immo
1993 2838 2385 2895 administrare

338 2923 612 2989 poterant,
647 2917 694 2971 si
727 2917 904 2972 officio
941 2935 1041 2973 suo
1075 2919 1399 2975 satisfacere
1433 2922 1729 2978 volebant?
1772 2925 1936 2994 Quod
1970 2926 2016 2981 si
2053 2928 2249 2998 nolint,
2287 2947 2384 2985 au-

338 3005 495 3061 diant
515 3007 945 3062 exsecrationem
967 3008 1196 3063 Domini
1220 3009 1476 3067 dicentis:
1510 3012 1839 3085 ‘Maledicti,
1863 3016 1959 3091 qui
1983 3034 2124 3092 opus
2147 3019 2380 3075 Domini

409 3477 427 3503 1
443 3475 568 3527 Eius;
596 3477 777 3519 Hutten.
1021 3480 1039 3506 ²
1055 3481 1350 3533 prophanum;
1379 3483 1491 3535 MS„
1517 3497 1566 3527 so
1591 3485 1874 3538 throughout.
